代码,名称,最新价,IOPV实时估值,基金折价率,涨跌额,涨跌幅,成交量,成交额,开盘价,最高价,最低价,昨收,振幅,换手率,量比,委比,外盘,内盘,主力净流入-净额,主力净流入-净占比,超大单净流入-净额,超大单净流入-净占比,大单净流入-净额,大单净流入-净占比,中单净流入-净额,中单净流入-净占比,小单净流入-净额,小单净流入-净占比,现手,买一,卖一,最新份额,流通市值,总市值,数据日期,更新时间
510300,沪深300ETF,3.959,3.9451,-0.35,-0.007,-0.18,7370307.0,2910576351.0,3.959,3.964,3.932,3.966,0.81,0.77,1.03,3.78,2888150.0,4482157.0,-3483072.0,-0.12,41350256.0,1.42,-44833328.0,-1.54,-141476464.0,-4.86,144959539.0,4.98,221.0,3.958,3.959,95677689856.0,378787974140,3787.8797414,2025-05-30,2025-05-30 16:11:54+08:00
510310,沪深300ETF易方达,3.783,3.7712,-0.31,-0.006,-0.16,2033902.0,767759894.0,3.785,3.788,3.758,3.789,0.79,0.29,1.25,4.98,751539.0,1282363.0,11736407.0,1.53,122233872.0,15.92,-110497465.0,-14.39,-24041110.0,-3.13,12304694.0,1.6,1.0,3.782,3.783,69236744192.0,261922603278,2619.22603278,2025-05-30,2025-05-30 16:11:44+08:00
510330,沪深300ETF华夏,3.984,3.9697,-0.36,-0.006,-0.15,970640.0,385599260.0,3.989,3.989,3.956,3.99,0.83,0.2,1.07,-5.68,399605.0,571035.0,-4727389.0,-1.23,168037999.0,43.58,-172765388.0,-44.8,2797917.0,0.73,1929475.0,0.5,-30.0,3.984,3.985,48579549696.0,193540925989,1935.40925989,2025-05-30,2025-05-30 16:11:51+08:00
159919,沪深300ETF,3.987,3.991,0.1,-0.012,-0.3,1518653.0,604492596.103,3.993,3.996,3.965,3.999,0.78,0.36,1.19,42.69,739566.0,779087.0,18319847.0,3.03,77302736.0,12.79,-58982889.0,-9.76,-31351594.0,-5.19,13031738.0,2.16,-2190.0,3.987,3.988,42083316736.0,167786183826,1677.86183826,2025-05-30,2025-05-30 15:34:27+08:00
510050,上证50ETF,2.749,2.7419,-0.26,-0.005,-0.18,8849951.0,2427758102.0,2.753,2.758,2.73,2.754,1.02,1.48,1.69,-34.71,3750219.0,5099732.0,173575376.0,7.15,1239400080.0,51.05,-1065824704.0,-43.9,-198034846.0,-8.16,24459482.0,1.01,-100.0,2.749,2.75,59608566784.0,163863950089,1638.63950089,2025-05-30,2025-05-30 16:11:56+08:00
510500,中证500ETF,5.694,5.6853,-0.15,-0.033,-0.58,3345407.0,1903678351.0,5.71,5.711,5.671,5.727,0.7,1.72,1.64,71.05,1443939.0,1901468.0,65955472.0,3.46,301045696.0,15.81,-235090224.0,-12.35,-52301497.0,-2.75,-13653981.0,-0.72,30.0,5.693,5.696,19482968576.0,110936023072,1109.36023072,2025-05-30,2025-05-30 16:11:56+08:00
159915,创业板ETF,1.972,1.9692,-0.14,-0.017,-0.85,6612255.0,1303691547.765,1.98,1.98,1.963,1.989,0.85,1.59,0.85,12.65,2687360.0,3924894.0,-106250400.0,-8.15,49801696.0,3.82,-156052096.0,-11.97,14614782.0,1.12,91635607.0,7.03,-59552.0,1.972,1.973,41700454912.0,82233297086,822.33297086,2025-05-30,2025-05-30 15:34:45+08:00
588000,科创50ETF,1.03,1.026,-0.39,-0.01,-0.96,17170283.0,1770038077.0,1.037,1.037,1.028,1.04,0.87,2.23,0.94,-0.25,7169598.0,10000685.0,-342311792.0,-19.34,-345398720.0,-19.51,3086928.0,0.17,201029384.0,11.36,141282414.0,7.98,-7313.0,1.03,1.031,76970668032.0,79279788073,792.79788073,2025-05-30,2025-05-30 16:11:34+08:00
511990,华宝添益ETF,100.013,,,0.014,0.01,1289143.0,12892624967.0,100.007,100.014,100.006,99.999,0.01,16.39,1.63,-21.75,784803.0,504340.0,147474944.0,1.14,154415104.0,1.2,-6940160.0,-0.05,-39737620.0,-0.31,-107737502.0,-0.84,1553.0,100.012,100.013,786720608.0,78682288168,786.82288168,2025-05-30,2025-05-30 16:11:47+08:00
511880,银华日利ETF,100.579,,,0.023,0.02,1490916.0,14994410430.0,100.571,100.581,100.566,100.556,0.01,19.16,1.22,-19.21,876140.0,614777.0,71667696.0,0.48,-167871744.0,-1.12,239539440.0,1.6,-53603571.0,-0.36,-18064098.0,-0.12,-513.0,100.579,100.58,778185408.0,78269110151,782.69110151,2025-05-30,2025-05-30 16:11:36+08:00
512100,中证1000ETF,2.423,2.4196,-0.14,-0.023,-0.94,8078257.0,1957977512.0,2.437,2.438,2.415,2.446,0.94,3.07,1.76,3.8,3151266.0,4926992.0,204039968.0,10.42,249496112.0,12.74,-45456144.0,-2.32,-92335747.0,-4.72,-111704215.0,-5.71,41.0,2.422,2.423,26273217536.0,63660006090,636.6000609,2025-05-30,2025-05-30 16:11:41+08:00
588080,科创板50ETF,1.005,1.0,-0.5,-0.009,-0.89,3822633.0,384137114.0,1.01,1.01,1.002,1.014,0.79,0.63,0.88,14.18,1775054.0,2047578.0,-36107329.0,-9.4,-26331015.0,-6.85,-9776314.0,-2.55,18622599.0,4.85,17484730.0,4.55,-151.0,1.005,1.006,60220628224.0,60521731365,605.21731365,2025-05-30,2025-05-30 16:11:42+08:00
518880,黄金ETF,7.369,7.3748,0.08,0.069,0.95,3635737.0,2675997478.0,7.39,7.391,7.335,7.3,0.77,4.52,0.76,23.05,1803308.0,1832429.0,1241024.0,0.05,17193040.0,0.64,-15952016.0,-0.6,5945936.0,0.22,-7186959.0,-0.27,-117.0,7.368,7.369,8045740800.0,59289063955,592.89063955,2025-05-30,2025-05-30 16:11:51+08:00
159792,港股通互联网ETF,0.829,0.8306,0.19,-0.02,-2.36,18045372.0,1496113794.35,0.84,0.842,0.824,0.849,2.12,3.34,0.87,-8.57,8407387.0,9637985.0,-168930816.0,-11.29,-261229824.0,-17.46,92299008.0,6.17,106201384.0,7.1,62729424.0,4.19,258207.0,0.828,0.829,54068855296.0,44823081040,448.2308104,2025-05-30,2025-05-30 15:34:57+08:00
159845,中证1000ETF,2.464,2.4631,-0.04,-0.024,-0.96,2120185.0,523081938.858,2.479,2.479,2.46,2.488,0.76,1.43,1.98,46.03,985712.0,1134473.0,8634561.0,1.65,3436336.0,0.66,5198225.0,0.99,-4195667.0,-0.8,-4438906.0,-0.85,-2239.0,2.464,2.465,14878425600.0,36660440678,366.60440678,2025-05-30,2025-05-30 15:35:03+08:00
513050,中概互联网ETF,1.354,1.3922,2.74,-0.035,-2.52,13998841.0,1900242264.0,1.374,1.374,1.35,1.389,1.73,5.72,0.93,6.93,5583135.0,8415706.0,-372484528.0,-19.6,-426951776.0,-22.47,54467248.0,2.87,202872627.0,10.68,169611915.0,8.93,28.0,1.353,1.354,24484432640.0,33151921795,331.51921795,2025-05-30,2025-05-30 16:11:53+08:00
512880,证券ETF,1.043,1.0423,-0.07,-0.006,-0.57,7207229.0,750613068.0,1.045,1.046,1.037,1.049,0.86,2.62,0.93,-9.34,3505451.0,3701778.0,-68031564.0,-9.06,-27803472.0,-3.7,-40228092.0,-5.36,36048322.0,4.8,31983238.0,4.26,-52854.0,1.042,1.043,27496291584.0,28678632122,286.78632122,2025-05-30,2025-05-30 16:11:52+08:00
560010,中证1000ETF指数,2.462,2.4606,-0.06,-0.025,-1.01,877143.0,216133394.0,2.488,2.488,2.456,2.487,1.29,0.75,1.3,-84.77,393858.0,483285.0,-11496720.0,-5.32,-6642938.0,-3.07,-4853782.0,-2.25,10875376.0,5.03,621345.0,0.29,-816.0,2.463,2.464,11643621632.0,28666596458,286.66596458,2025-05-30,2025-05-30 16:11:45+08:00
159937,黄金ETF基金,7.355,7.3573,0.03,0.069,0.95,571058.0,419616034.6,7.377,7.379,7.322,7.286,0.78,1.48,0.58,-1.64,297222.0,273836.0,765171.0,0.18,11261690.0,2.68,-10496519.0,-2.5,5914483.0,1.41,-6679654.0,-1.59,-2373.0,7.355,7.356,3856921984.0,28367661192,283.67661192,2025-05-30,2025-05-30 15:34:48+08:00
513180,恒生科技指数ETF,0.699,0.7005,0.21,-0.017,-2.37,53919482.0,3784137237.0,0.708,0.71,0.698,0.716,1.68,14.26,0.93,-10.71,20580046.0,33339436.0,-392055360.0,-10.36,-663820400.0,-17.54,271765040.0,7.18,274375547.0,7.25,117679822.0,3.11,-921.0,0.699,0.7,37798759424.0,26421332837,264.21332837,2025-05-30,2025-05-30 16:11:49+08:00
512170,医疗ETF,0.328,0.3285,0.15,-0.001,-0.3,14999469.0,494191631.0,0.328,0.332,0.327,0.329,1.52,1.89,0.86,-12.7,7685299.0,7314170.0,12148599.0,2.46,36391072.0,7.36,-24242473.0,-4.91,-9538868.0,-1.93,-2609735.0,-0.53,-10285.0,0.328,0.329,79252819968.0,25994924950,259.9492495,2025-05-30,2025-05-30 16:11:34+08:00
159934,黄金ETF,7.295,7.2986,0.05,0.068,0.94,769968.0,561211630.306,7.312,7.325,7.263,7.227,0.86,2.17,0.61,63.79,390516.0,379452.0,1968457.0,0.35,28256141.0,5.03,-26287684.0,-4.68,591210.0,0.11,-2559668.0,-0.46,6750.0,7.294,7.295,3553362640.0,25921780459,259.21780459,2025-05-30,2025-05-30 15:34:06+08:00
159941,纳指ETF,1.172,1.1579,-1.22,-0.024,-2.01,9623738.0,1127763763.0,1.167,1.175,1.167,1.196,0.67,4.41,1.33,-16.74,4823844.0,4799894.0,-82664878.0,-7.33,-119312800.0,-10.58,36647922.0,3.25,43726443.0,3.88,38938441.0,3.45,86178.0,1.171,1.172,21823410176.0,25577036726,255.77036726,2025-05-30,2025-05-30 15:34:36+08:00
588200,科创芯片ETF,1.472,1.4724,0.03,-0.02,-1.34,6468665.0,952420983.0,1.483,1.485,1.468,1.492,1.14,3.86,0.92,32.73,2877820.0,3590845.0,-116401677.0,-12.22,-150237792.0,-15.77,33836115.0,3.55,61863371.0,6.5,54538289.0,5.73,-1957.0,1.472,1.473,16770894848.0,24686757216,246.86757216,2025-05-30,2025-05-30 16:12:00+08:00
513130,恒生科技ETF,0.688,0.689,0.15,-0.017,-2.41,47444375.0,3276106035.0,0.697,0.698,0.686,0.705,1.7,13.26,0.95,3.93,19950153.0,27494222.0,-397506624.0,-12.13,-628199376.0,-19.18,230692752.0,7.04,276527560.0,8.44,120979060.0,3.69,2494.0,0.687,0.688,35787346944.0,24621694697,246.21694697,2025-05-30,2025-05-30 16:11:59+08:00
159949,创业板50ETF,0.882,0.8809,-0.12,-0.009,-1.01,6289772.0,554340275.32,0.886,0.886,0.877,0.891,1.01,2.28,0.95,-3.35,2708882.0,3580890.0,-55691515.0,-10.05,-58519744.0,-10.56,2828229.0,0.51,30896761.0,5.57,24794758.0,4.47,-33472.0,0.882,0.883,27565785088.0,24313022448,243.13022448,2025-05-30,2025-05-30 15:34:06+08:00
159995,芯片ETF,1.176,1.1768,0.07,-0.017,-1.42,2861864.0,336948734.8,1.189,1.189,1.172,1.193,1.42,1.43,0.78,25.61,1319921.0,1541943.0,-60265683.0,-17.89,-52040481.0,-15.44,-8225202.0,-2.44,33458551.0,9.93,26807132.0,7.96,-45306.0,1.176,1.177,19948363008.0,23459274897,234.59274897,2025-05-30,2025-05-30 15:34:57+08:00
513330,恒生互联网ETF,0.468,0.4694,0.3,-0.013,-2.7,48988837.0,2304614425.0,0.475,0.476,0.467,0.481,1.87,9.9,1.2,-21.11,20276066.0,28712771.0,-194410927.0,-8.44,-433921904.0,-18.83,239510977.0,10.39,151996779.0,6.6,42414149.0,1.84,-976.0,0.468,0.469,49479480064.0,23156396670,231.5639667,2025-05-30,2025-05-30 16:11:42+08:00
512000,券商ETF,0.997,0.9964,-0.06,-0.006,-0.6,3923255.0,390578047.0,0.999,0.999,0.991,1.003,0.8,1.73,1.06,-34.27,1784701.0,2138554.0,-30496847.0,-7.81,-23214501.0,-5.94,-7282346.0,-1.86,16404511.0,4.2,14092336.0,3.61,-60.0,0.997,0.998,22635917824.0,22568010071,225.68010071,2025-05-30,2025-05-30 16:11:51+08:00
512480,半导体ETF,0.996,0.9949,-0.11,-0.015,-1.48,7064995.0,704572195.0,1.006,1.007,0.994,1.011,1.29,3.19,0.88,38.5,2870521.0,4194474.0,-164084152.0,-23.29,-194388344.0,-27.59,30304192.0,4.3,86462089.0,12.27,77622070.0,11.02,-6871.0,0.996,0.997,22135003648.0,22046463633,220.46463633,2025-05-30,2025-05-30 16:11:46+08:00
159636,港股通科技30ETF,1.245,1.2434,-0.13,-0.028,-2.2,4046251.0,504860611.0,1.259,1.263,1.24,1.273,1.81,2.35,0.74,-24.2,2057575.0,1988676.0,-46888785.0,-9.29,-73617683.0,-14.58,26728898.0,5.29,31002305.0,6.14,15886476.0,3.15,13816.0,1.244,1.245,17230250496.0,21451661868,214.51661868,2025-05-30,2025-05-30 15:34:18+08:00
512010,医药ETF,0.373,0.3726,-0.11,0.001,0.27,13342322.0,498571800.0,0.371,0.376,0.371,0.372,1.34,2.34,1.08,-42.03,7147513.0,6194809.0,33064603.0,6.63,81102720.0,16.27,-48038117.0,-9.64,-27072861.0,-5.43,-5991729.0,-1.2,-2381.0,0.373,0.374,57106694912.0,21300797202,213.00797202,2025-05-30,2025-05-30 16:11:39+08:00
510180,上证180ETF,3.506,3.4997,-0.18,-0.008,-0.23,135515.0,47432886.0,3.507,3.517,3.488,3.514,0.83,0.23,1.45,-29.05,74440.0,61075.0,-3501500.0,-7.38,13711959.0,28.91,-17213459.0,-36.29,3143408.0,6.63,358092.0,0.75,-111.0,3.505,3.51,5827557632.0,20431417058,204.31417058,2025-05-30,2025-05-30 16:11:35+08:00
510880,红利ETF,3.122,3.1158,-0.2,0.014,0.45,804824.0,250818749.0,3.104,3.123,3.104,3.108,0.61,1.24,1.03,-79.04,344518.0,460306.0,50602861.0,20.18,71961428.0,28.69,-21358567.0,-8.52,-29983109.0,-11.95,-20619752.0,-8.22,-4908.0,3.121,3.123,6464675584.0,20182717173,201.82717173,2025-05-30,2025-05-30 16:11:59+08:00
159338,中证A500ETF,0.937,0.9386,0.17,-0.006,-0.64,23553807.0,2206636744.424,0.941,0.941,0.933,0.943,0.85,10.96,1.02,-18.12,10596183.0,12957624.0,-14227081.0,-0.64,105196944.0,4.77,-119424025.0,-5.41,6276565.0,0.28,7950521.0,0.36,-29069.0,0.937,0.938,21497086720.0,20142770257,201.42770257,2025-05-30,2025-05-30 15:34:33+08:00
513500,标普500ETF,2.004,2.0086,0.23,-0.028,-1.38,2605744.0,522435890.0,2.001,2.009,1.999,2.032,0.49,2.77,1.64,26.11,1195190.0,1410554.0,-62471948.0,-11.96,-86950675.0,-16.64,24478727.0,4.69,33814069.0,6.47,28657878.0,5.49,-504.0,2.004,2.005,9410638592.0,18858919738,188.58919738,2025-05-30,2025-05-30 16:11:58+08:00
518800,黄金基金ETF,7.281,7.2871,0.08,0.068,0.94,213933.0,155568689.0,7.3,7.304,7.246,7.213,0.8,0.86,0.64,-14.91,102475.0,111458.0,2647552.0,1.7,-3871615.0,-2.49,6519167.0,4.19,-2885752.0,-1.85,238201.0,0.15,-87.0,7.282,7.283,2490119904.0,18130563021,181.30563021,2025-05-30,2025-05-30 16:11:52+08:00
563800,中证A500ETF龙头,0.936,0.9338,-0.24,-0.002,-0.21,15393000.0,1437420109.0,0.938,0.938,0.93,0.938,0.85,8.0,0.95,57.13,7792162.0,7600838.0,167486.0,0.01,11968992.0,0.83,-11801506.0,-0.82,467906.0,0.03,-635395.0,-0.04,-300.0,0.936,0.937,19252978176.0,18020787573,180.20787573,2025-05-30,2025-05-30 16:12:00+08:00
512890,红利低波ETF,1.159,1.1572,-0.16,0.007,0.61,2741563.0,317425676.0,1.153,1.161,1.152,1.152,0.78,1.88,0.78,-46.65,1481263.0,1260300.0,-3837808.0,-1.21,15823602.0,4.98,-19661410.0,-6.19,8885273.0,2.8,-5047465.0,-1.59,50.0,1.158,1.159,14610110720.0,16933118324,169.33118324,2025-05-30,2025-05-30 16:11:51+08:00
159352,中证A500ETF南方,0.987,0.9866,-0.04,-0.004,-0.4,20922720.0,2061354837.3,0.99,0.99,0.981,0.991,0.91,12.38,1.0,-7.82,10735628.0,10187092.0,8498928.0,0.41,48934560.0,2.37,-40435632.0,-1.96,-8889011.0,-0.43,390083.0,0.02,-2080.0,0.987,0.988,16899101696.0,16679413374,166.79413374,2025-05-30,2025-05-30 15:34:21+08:00
512050,A500ETF基金,0.933,0.9314,-0.17,-0.004,-0.43,33837940.0,3153347572.0,0.935,0.936,0.928,0.937,0.85,19.27,1.11,5.16,15011208.0,18826732.0,4251473.0,0.13,69647040.0,2.21,-65395567.0,-2.07,-6419120.0,-0.2,2167650.0,0.07,-175.0,0.932,0.934,17563992320.0,16387204835,163.87204835,2025-05-30,2025-05-30 16:11:44+08:00
563220,中证A500ETF富国,0.975,0.9726,-0.25,-0.003,-0.31,9409351.0,915242722.0,0.977,0.977,0.969,0.978,0.82,5.71,1.02,16.37,4732719.0,4676632.0,579715.0,0.06,34624032.0,3.78,-34044317.0,-3.72,-117006.0,-0.01,-462703.0,-0.05,38106.0,0.974,0.975,16481013760.0,16068988416,160.68988416,2025-05-30,2025-05-30 16:11:50+08:00
159819,人工智能ETF,0.898,0.896,-0.22,-0.016,-1.75,4093242.0,367981045.298,0.909,0.909,0.896,0.914,1.42,2.32,0.71,58.56,1901268.0,2191974.0,-72681493.0,-19.75,-70738408.0,-19.22,-1943085.0,-0.53,37816220.0,10.28,34865273.0,9.47,-28682.0,0.898,0.899,17681229568.0,15877744152,158.77744152,2025-05-30,2025-05-30 15:34:18+08:00
159920,恒生ETF,1.423,1.4266,0.25,-0.019,-1.32,3773345.0,537714798.549,1.43,1.433,1.42,1.442,0.9,3.4,0.83,-13.67,1585503.0,2187842.0,-29719830.0,-5.53,-41864486.0,-7.79,12144656.0,2.26,16862598.0,3.14,12857233.0,2.39,36676.0,1.422,1.423,11089559296.0,15780442878,157.80442878,2025-05-30,2025-05-30 15:34:45+08:00
159351,A500指数ETF,0.961,0.959,-0.21,-0.003,-0.31,29979139.0,2867979196.8,0.963,0.963,0.953,0.964,1.04,19.49,1.14,47.34,14391201.0,15587938.0,4044700.0,0.14,11083488.0,0.39,-7038788.0,-0.25,-7718262.0,-0.27,3673568.0,0.13,771.0,0.96,0.961,15383123456.0,14783181641,147.83181641,2025-05-30,2025-05-30 15:34:36+08:00
513100,纳指ETF,1.556,1.5389,-1.11,-0.033,-2.08,4523247.0,704779774.0,1.554,1.562,1.553,1.589,0.57,4.76,1.39,17.25,2159882.0,2363365.0,-90989861.0,-12.91,-94418853.0,-13.4,3428992.0,0.49,37067414.0,5.26,53922451.0,7.65,10.0,1.555,1.556,9499110656.0,14780616181,147.80616181,2025-05-30,2025-05-30 16:12:01+08:00
159361,A500ETF易方达,0.954,0.9543,0.03,-0.004,-0.42,9213561.0,877681827.321,0.956,0.957,0.949,0.958,0.84,6.17,0.97,31.15,4502494.0,4711067.0,-803699.0,-0.09,-3999920.0,-0.46,3196221.0,0.36,1123594.0,0.13,-319900.0,-0.04,-10951.0,0.954,0.955,14942090240.0,14254754089,142.54754089,2025-05-30,2025-05-30 15:34:27+08:00
512660,军工ETF,1.048,1.0474,-0.06,0.001,0.1,5285244.0,551916668.0,1.044,1.053,1.036,1.047,1.62,4.0,1.19,-19.71,2887413.0,2397831.0,-33516161.0,-6.07,-62177273.0,-11.27,28661112.0,5.19,21913391.0,3.97,11602767.0,2.1,-558.0,1.048,1.049,13205080064.0,13838923907,138.38923907,2025-05-30,2025-05-30 16:11:53+08:00
513980,港股科技50ETF,0.683,0.6848,0.26,-0.015,-2.15,13222931.0,905811017.0,0.692,0.694,0.681,0.698,1.86,6.62,0.91,-15.3,5422595.0,7800336.0,-17100674.0,-1.89,30515120.0,3.37,-47615794.0,-5.26,-25646.0,0.0,17126314.0,1.89,1290.0,0.682,0.683,19984204032.0,13649211354,136.49211354,2025-05-30,2025-05-30 16:11:36+08:00
159928,消费ETF,0.82,0.8214,0.17,0.0,0.0,2790790.0,229156696.1,0.818,0.826,0.817,0.82,1.1,1.68,0.89,-58.2,1030938.0,1759852.0,11951939.0,5.22,27395499.0,11.95,-15443560.0,-6.74,-10197362.0,-4.45,-1754577.0,-0.77,-11029.0,0.82,0.821,16586629120.0,13601035878,136.01035878,2025-05-30,2025-05-30 15:34:33+08:00
159353,中证A500ETF景顺,0.955,0.9563,0.14,-0.005,-0.52,3839677.0,366229999.362,0.957,0.958,0.951,0.96,0.73,2.85,0.88,-22.69,1678968.0,2160709.0,948636.0,0.26,-23693232.0,-6.47,24641868.0,6.73,-934651.0,-0.26,-13986.0,0.0,-2151.0,0.955,0.956,13478161920.0,12871644634,128.71644634,2025-05-30,2025-05-30 15:34:39+08:00
562500,机器人ETF,0.828,0.8272,-0.1,-0.017,-2.01,6466887.0,537407617.0,0.844,0.844,0.826,0.845,2.13,4.21,1.03,38.08,2333279.0,4133608.0,-137478964.0,-25.58,-155978131.0,-29.02,18499167.0,3.44,71808885.0,13.36,65670084.0,12.22,425.0,0.827,0.828,15347687424.0,12707885187,127.07885187,2025-05-30,2025-05-30 16:11:58+08:00
512500,中证500ETF华夏,3.125,3.1189,-0.2,-0.018,-0.57,584534.0,182502826.0,3.13,3.137,3.113,3.143,0.76,1.54,1.74,-26.53,323080.0,261454.0,-4077681.0,-2.23,23682376.0,12.98,-27760057.0,-15.21,5369891.0,2.94,-1292209.0,-0.71,-130.0,3.125,3.127,3788008800.0,11837527500,118.375275,2025-05-30,2025-05-30 16:11:34+08:00
588050,科创ETF,1.005,1.0042,-0.08,-0.008,-0.79,1480240.0,148496709.0,1.01,1.011,1.0,1.013,1.09,1.31,0.73,13.24,627340.0,852900.0,-9273513.0,-6.24,-24830510.0,-16.72,15556997.0,10.48,3346995.0,2.25,5926518.0,3.99,829.0,1.004,1.005,11293241344.0,11349707551,113.49707551,2025-05-30,2025-05-30 16:11:46+08:00
159629,1000ETF,2.456,2.4555,-0.02,-0.024,-0.97,813926.0,200206222.129,2.477,2.477,2.451,2.48,1.05,1.79,1.05,-15.83,303865.0,510061.0,-2549679.0,-1.27,21875848.0,10.93,-24425527.0,-12.2,4125622.0,2.06,-1575944.0,-0.79,5053.0,2.455,2.456,4537252608.0,11143492405,111.43492405,2025-05-30,2025-05-30 15:34:09+08:00
513010,恒生科技ETF易方达,0.713,0.7142,0.17,-0.017,-2.33,11102379.0,794216211.0,0.723,0.723,0.711,0.73,1.64,7.18,0.97,-15.98,4521578.0,6580801.0,-114042479.0,-14.36,-184649392.0,-23.25,70606913.0,8.89,82434569.0,10.38,31607912.0,3.98,2824.0,0.712,0.713,15456306944.0,11020346851,110.20346851,2025-05-30,2025-05-30 16:11:55+08:00
511660,货币ETF建信添益,100.014,,,0.015,0.02,67042.0,670489777.0,100.009,100.014,100.008,99.999,0.01,6.1,0.8,-20.64,44034.0,23007.0,12800005.0,1.91,-40211136.0,-6.0,53011141.0,7.91,-10000527.0,-1.49,-2799469.0,-0.42,8.0,100.013,100.014,109973700.0,10998909632,109.98909632,2025-05-30,2025-05-30 16:11:47+08:00
512690,酒ETF,0.581,0.5793,-0.29,-0.007,-1.19,9065053.0,527199278.0,0.587,0.588,0.579,0.588,1.53,4.93,1.52,29.6,3376407.0,5688646.0,-108369701.0,-20.56,-167238991.0,-31.72,58869290.0,11.17,67626480.0,12.83,40743228.0,7.73,89.0,0.58,0.581,18394050304.0,10686943227,106.86943227,2025-05-30,2025-05-30 16:11:56+08:00
512760,芯片ETF,1.105,1.1035,-0.14,-0.016,-1.43,1265561.0,139832291.0,1.115,1.116,1.101,1.121,1.34,1.32,0.84,36.43,554159.0,711402.0,-32002316.0,-22.89,-29126504.0,-20.83,-2875812.0,-2.06,17105331.0,12.23,14896984.0,10.65,3.0,1.104,1.105,9569122816.0,10573880712,105.73880712,2025-05-30,2025-05-30 16:11:54+08:00
159922,中证500ETF,2.272,2.2732,0.05,-0.017,-0.74,1114851.0,253362460.2,2.28,2.283,2.266,2.289,0.74,2.4,1.38,50.01,619037.0,495814.0,11462977.0,4.52,32187543.0,12.7,-20724566.0,-8.18,-7274107.0,-2.87,-4188869.0,-1.65,-1836.0,2.272,2.273,4640676864.0,10543617835,105.43617835,2025-05-30,2025-05-30 15:34:45+08:00
513630,港股红利指数ETF,1.386,1.3866,0.04,0.001,0.07,776290.0,107519266.0,1.382,1.388,1.381,1.385,0.51,1.03,0.45,21.02,444078.0,332212.0,521559.0,0.49,14153425.0,13.16,-13631866.0,-12.68,-962162.0,-0.89,440602.0,0.41,150.0,1.385,1.386,7573359104.0,10496675718,104.96675718,2025-05-30,2025-05-30 16:11:38+08:00
513120,港股创新药ETF,1.02,1.022,0.2,0.001,0.1,33887832.0,3476862396.0,1.029,1.037,1.018,1.019,1.86,33.92,1.04,-2.63,15883080.0,18004752.0,-54440224.0,-1.57,-74530208.0,-2.14,20089984.0,0.58,33186144.0,0.95,21254078.0,0.61,-64.0,1.02,1.021,9990135296.0,10189938002,101.89938002,2025-05-30,2025-05-30 16:11:34+08:00
159992,创新药ETF,0.791,0.7922,0.15,0.005,0.64,7269306.0,575749479.483,0.783,0.8,0.782,0.786,2.29,5.73,1.23,5.09,4253533.0,3015773.0,44446714.0,7.72,122493701.0,21.28,-78046987.0,-13.56,-31007749.0,-5.39,-13438960.0,-2.33,14587.0,0.79,0.791,12688181248.0,10036351367,100.36351367,2025-05-30,2025-05-30 15:34:24+08:00
560610,A500指数ETF,0.935,0.9338,-0.13,-0.004,-0.43,6859536.0,640867019.0,0.939,0.939,0.93,0.939,0.96,6.49,1.27,20.69,3414005.0,3445531.0,-3717247.0,-0.58,13062944.0,2.04,-16780191.0,-2.62,2817943.0,0.44,899305.0,0.14,-15.0,0.936,0.937,10561988352.0,9875459109,98.75459109,2025-05-30,2025-05-30 16:11:41+08:00
159509,纳指科技ETF,1.534,1.4886,-3.05,-0.037,-2.36,8906577.0,1371543125.734,1.533,1.547,1.531,1.571,1.02,14.03,1.27,-17.38,4378009.0,4528568.0,-83896912.0,-6.12,-129284192.0,-9.43,45387280.0,3.31,37055818.0,2.7,46841089.0,3.42,-99357.0,1.534,1.535,6347564032.0,9737163225,97.37163225,2025-05-30,2025-05-30 15:34:54+08:00
159952,创业板ETF广发,1.206,1.2036,-0.2,-0.009,-0.74,586821.0,70700551.3,1.209,1.21,1.2,1.215,0.82,0.73,0.8,-1.3,292178.0,294643.0,-1649379.0,-2.33,-1108671.0,-1.57,-540708.0,-0.76,-829846.0,-1.17,2479225.0,3.51,4582.0,1.205,1.206,8062584832.0,9723477307,97.23477307,2025-05-30,2025-05-30 15:34:09+08:00
512710,军工龙头ETF,0.623,0.6224,-0.1,0.006,0.97,9253854.0,574279174.0,0.616,0.627,0.614,0.617,2.11,5.95,1.55,-25.02,5766751.0,3487103.0,76101545.0,13.25,106861840.0,18.61,-30760295.0,-5.36,-53761427.0,-9.36,-22340115.0,-3.89,1336.0,0.622,0.623,15556658432.0,9691798203,96.91798203,2025-05-30,2025-05-30 16:11:38+08:00
159632,纳斯达克ETF,1.745,1.7466,0.09,-0.037,-2.08,1087257.0,189837985.5,1.744,1.752,1.741,1.782,0.62,2.02,1.16,4.14,527451.0,559806.0,-22839835.0,-12.03,-22337605.0,-11.77,-502230.0,-0.26,8246135.0,4.34,14593700.0,7.69,14389.0,1.744,1.745,5377720576.0,9384122405,93.84122405,2025-05-30,2025-05-30 15:35:03+08:00
513300,纳斯达克ETF,1.919,1.9197,0.04,-0.039,-1.99,2272407.0,436318464.0,1.918,1.925,1.915,1.958,0.51,4.68,1.1,48.46,1116175.0,1156232.0,-73583990.0,-16.86,-66707587.0,-15.29,-6876403.0,-1.58,35457477.0,8.13,38126512.0,8.74,125.0,1.918,1.919,4859920896.0,9326188199,93.26188199,2025-05-30,2025-05-30 16:11:33+08:00
515330,沪深300ETF天弘,1.082,1.0801,-0.18,-0.004,-0.37,63835.0,6898925.0,1.084,1.084,1.077,1.086,0.64,0.07,0.36,8.91,26654.0,37181.0,-1124427.0,-16.3,-1596937.0,-23.15,472510.0,6.85,705379.0,10.22,419048.0,6.07,-21.0,1.081,1.082,8585709568.0,9289737753,92.89737753,2025-05-30,2025-05-30 16:11:48+08:00
510900,H股ETF,1.086,1.0879,0.17,-0.016,-1.45,1993086.0,216505395.0,1.094,1.094,1.082,1.102,1.09,2.38,0.86,-0.41,832619.0,1160467.0,-14082272.0,-6.5,-8449493.0,-3.9,-5632779.0,-2.6,9180172.0,4.24,4902100.0,2.26,93.0,1.085,1.086,8362021888.0,9081155770,90.8115577,2025-05-30,2025-05-30 16:11:43+08:00
513060,恒生医疗ETF,0.519,0.5207,0.33,0.0,0.0,23070140.0,1198871036.0,0.521,0.524,0.516,0.519,1.54,13.36,0.88,-9.94,11254613.0,11815527.0,6879822.0,0.57,-29831328.0,-2.49,36711150.0,3.06,-3931813.0,-0.33,-2948001.0,-0.25,599.0,0.518,0.519,17265393408.0,8960739179,89.60739179,2025-05-30,2025-05-30 16:11:51+08:00
159977,创业板ETF天弘,2.066,2.064,-0.1,-0.017,-0.82,105453.0,21786174.4,2.078,2.078,2.057,2.083,1.01,0.24,0.56,20.8,39845.0,65608.0,4071215.0,18.69,3422240.0,15.71,648975.0,2.98,-4987026.0,-22.89,915811.0,4.2,-3.0,2.067,2.068,4320936448.0,8927054702,89.27054702,2025-05-30,2025-05-30 15:34:51+08:00
515450,红利低波50ETF,1.448,1.444,-0.28,0.009,0.63,1123514.0,162262611.0,1.439,1.449,1.438,1.439,0.76,1.83,1.22,44.6,547584.0,575930.0,558530.0,0.34,-1573451.0,-0.97,2131981.0,1.31,1651733.0,1.02,-2210264.0,-1.36,200.0,1.446,1.448,6124835072.0,8868761184,88.68761184,2025-05-30,2025-05-30 16:11:54+08:00
515790,光伏ETF,0.64,0.6389,-0.17,-0.008,-1.23,2587234.0,165840058.0,0.647,0.647,0.639,0.648,1.23,1.87,0.98,19.6,1103384.0,1483850.0,-39029306.0,-23.53,-43342016.0,-26.13,4312710.0,2.6,22590924.0,13.62,16438382.0,9.91,37.0,0.639,0.64,13827493888.0,8849596088,88.49596088,2025-05-30,2025-05-30 16:11:56+08:00
515180,红利ETF易方达,1.36,1.3589,-0.08,0.002,0.15,549261.0,74642343.0,1.357,1.361,1.355,1.358,0.44,0.85,0.77,-63.35,153390.0,395871.0,16569044.0,22.2,26764250.0,35.86,-10195206.0,-13.66,-16771482.0,-22.47,202437.0,0.27,1.0,1.359,1.36,6432636928.0,8748386222,87.48386222,2025-05-30,2025-05-30 16:11:42+08:00
563360,中证A500ETF基金,0.993,0.991,-0.2,-0.004,-0.4,3755177.0,372332585.0,0.997,0.998,0.987,0.997,1.1,4.28,1.04,54.67,1659014.0,2096163.0,-2351157.0,-0.63,-2218768.0,-0.6,-132389.0,-0.04,1274477.0,0.34,1076686.0,0.29,2058.0,0.992,0.994,8773987328.0,8712569417,87.12569417,2025-05-30,2025-05-30 16:11:38+08:00
159781,科创创业ETF,0.525,0.523,-0.38,-0.004,-0.76,674408.0,35326834.478,0.527,0.527,0.522,0.529,0.95,0.44,0.65,26.0,298628.0,375780.0,-2721801.0,-7.7,-433302.0,-1.23,-2288499.0,-6.48,1896718.0,5.37,825083.0,2.34,17899.0,0.524,0.525,15436860416.0,8104351718,81.04351718,2025-05-30,2025-05-30 15:34:39+08:00
512800,银行ETF,1.615,1.6114,-0.22,0.011,0.69,2323826.0,374499489.0,1.602,1.618,1.6,1.604,1.12,4.64,0.94,-80.14,1140809.0,1183017.0,2732641.0,0.73,1822478.0,0.49,910163.0,0.24,878355.0,0.23,-3610996.0,-0.96,6227.0,1.614,1.615,5007440128.0,8087015807,80.87015807,2025-05-30,2025-05-30 16:11:53+08:00
560530,中证A500ETF摩根,0.965,0.9632,-0.19,-0.002,-0.21,2662351.0,256336363.0,0.966,0.966,0.959,0.967,0.72,3.29,0.65,33.12,1264506.0,1397846.0,-19381.0,-0.01,1943398.0,0.76,-1962779.0,-0.77,-201591.0,-0.08,220971.0,0.09,-100.0,0.964,0.966,8086623744.0,7803591913,78.03591913,2025-05-30,2025-05-30 16:11:51+08:00
510810,上海国企ETF,0.823,0.822,-0.12,-0.004,-0.48,22405.0,1844622.0,0.827,0.827,0.821,0.827,0.73,0.02,0.17,-10.61,14071.0,8334.0,-254797.0,-13.81,0.0,0.0,-254797.0,-13.81,217823.0,11.81,36974.0,2.0,-2.0,0.823,0.824,9305093632.0,7658092059,76.58092059,2025-05-30,2025-05-30 16:11:37+08:00
510360,沪深300ETF基金,1.435,1.4317,-0.23,-0.003,-0.21,374648.0,53591404.0,1.436,1.438,1.427,1.438,0.76,0.7,1.38,-4.48,207087.0,167561.0,-293175.0,-0.55,-2062870.0,-3.85,1769695.0,3.3,182160.0,0.34,111016.0,0.21,-54.0,1.435,1.436,5315381248.0,7627572091,76.27572091,2025-05-30,2025-05-30 16:12:01+08:00
159501,纳斯达克指数ETF,1.439,1.4425,0.24,-0.03,-2.04,1753536.0,252279345.1,1.437,1.443,1.436,1.469,0.48,3.4,1.27,41.66,785448.0,968088.0,-29843917.0,-11.83,-18118808.0,-7.18,-11725109.0,-4.65,12420775.0,4.92,17423143.0,6.91,10631.0,1.438,1.439,5151986688.0,7413708844,74.13708844,2025-05-30,2025-05-30 15:34:45+08:00
513090,香港证券ETF,1.551,1.5504,-0.04,-0.009,-0.58,9321015.0,1440375983.0,1.549,1.554,1.538,1.56,1.03,19.74,0.67,24.29,4956620.0,4364395.0,-71617328.0,-4.97,-80382128.0,-5.58,8764800.0,0.61,37895153.0,2.63,33722196.0,2.34,13379.0,1.55,1.551,4722488064.0,7324578987,73.24578987,2025-05-30,2025-05-30 16:11:57+08:00
159740,恒生科技ETF,0.688,0.6877,-0.04,-0.015,-2.13,15415562.0,1064181531.0,0.696,0.697,0.687,0.703,1.42,14.64,0.88,-31.9,5836302.0,9579260.0,-161072350.0,-15.14,-243744128.0,-22.9,82671778.0,7.77,109638500.0,10.3,51433842.0,4.83,180501.0,0.687,0.688,10528120576.0,7243346956,72.43346956,2025-05-30,2025-05-30 15:34:18+08:00
515080,中证红利ETF,1.525,1.5225,-0.16,0.004,0.26,977692.0,148859444.0,1.52,1.525,1.518,1.521,0.46,2.09,1.06,-28.3,414941.0,562751.0,9755305.0,6.55,38047004.0,25.56,-28291699.0,-19.01,-7365355.0,-4.95,-2389950.0,-1.61,4.0,1.524,1.525,4671148800.0,7123501920,71.2350192,2025-05-30,2025-05-30 16:11:42+08:00
159593,中证A50指数ETF,1.14,1.1397,-0.03,-0.003,-0.26,1123201.0,127817189.9,1.141,1.143,1.132,1.143,0.96,1.83,0.72,16.34,548112.0,575089.0,1795715.0,1.4,-4283679.0,-3.35,6079394.0,4.76,-1178586.0,-0.92,-617128.0,-0.48,44.0,1.139,1.14,6146195968.0,7006663404,70.06663404,2025-05-30,2025-05-30 15:34:45+08:00
512070,证券保险ETF,0.757,0.7554,-0.21,-0.003,-0.39,1827583.0,137984024.0,0.757,0.758,0.75,0.76,1.05,2.06,0.92,16.51,743693.0,1083890.0,-5040285.0,-3.65,26332.0,0.02,-5066617.0,-3.67,1970669.0,1.43,3069616.0,2.22,-140.0,0.756,0.758,8877479680.0,6720252118,67.20252118,2025-05-30,2025-05-30 16:11:46+08:00
560510,中证A500ETF,0.935,0.9336,-0.15,-0.003,-0.32,646647.0,60351247.0,0.938,0.938,0.93,0.938,0.85,0.93,0.65,-12.05,287199.0,359448.0,1135425.0,1.88,-4122742.0,-6.83,5258167.0,8.71,-1789682.0,-2.97,654256.0,1.08,-1953.0,0.935,0.936,6986027008.0,6531935252,65.31935252,2025-05-30,2025-05-30 16:11:33+08:00
512200,房地产ETF,1.345,1.3446,-0.03,0.0,0.0,839289.0,112895511.0,1.343,1.351,1.34,1.345,0.82,1.74,0.92,-0.17,440384.0,398905.0,5387211.0,4.77,10457545.0,9.26,-5070334.0,-4.49,-4606649.0,-4.08,-780563.0,-0.69,39.0,1.344,1.345,4830848000.0,6497490560,64.9749056,2025-05-30,2025-05-30 16:12:01+08:00
512900,证券ETF南方,1.032,1.0307,-0.13,-0.004,-0.39,355523.0,36601541.0,1.034,1.034,1.025,1.036,0.87,0.57,1.03,-27.84,176607.0,178916.0,71092.0,0.19,3889620.0,10.63,-3818528.0,-10.43,-578553.0,-1.58,507459.0,1.39,-480.0,1.031,1.032,6241905920.0,6441646909,64.41646909,2025-05-30,2025-05-30 16:11:58+08:00
588030,科创100指数ETF,0.95,0.9499,-0.01,-0.013,-1.35,1332823.0,126874099.0,0.957,0.958,0.948,0.963,1.04,1.97,0.57,-10.06,522249.0,810574.0,-13765205.0,-10.85,-21461954.0,-16.92,7696749.0,6.07,9210013.0,7.26,4555192.0,3.59,-155.0,0.95,0.951,6749838080.0,6412346176,64.12346176,2025-05-30,2025-05-30 16:11:42+08:00
159869,游戏ETF,1.109,1.1104,0.13,-0.016,-1.42,3196699.0,358314245.634,1.119,1.14,1.108,1.125,2.84,5.61,0.98,37.86,1398710.0,1797989.0,-35337060.0,-9.86,-33498269.0,-9.35,-1838791.0,-0.51,21788399.0,6.08,13548661.0,3.78,34933.0,1.108,1.109,5701082112.0,6322500062,63.22500062,2025-05-30,2025-05-30 15:35:00+08:00
159901,深证100ETF,2.647,2.6442,-0.11,-0.02,-0.75,350184.0,92622335.551,2.658,2.658,2.634,2.667,0.9,1.47,1.22,-7.48,169312.0,180872.0,4761320.0,5.14,14766165.0,15.94,-10004845.0,-10.8,-9811037.0,-10.59,5049716.0,5.45,543.0,2.646,2.647,2376434928.0,6290423254,62.90423254,2025-05-30,2025-05-30 15:34:33+08:00
515050,5G通信ETF,1.02,1.0182,-0.18,-0.014,-1.35,719812.0,73171315.0,1.026,1.026,1.011,1.034,1.45,1.19,0.69,-5.02,321426.0,398386.0,-7537387.0,-10.3,-1469384.0,-2.01,-6068003.0,-8.29,2649635.0,3.62,4887754.0,6.68,4.0,1.019,1.02,6031068416.0,6151689784,61.51689784,2025-05-30,2025-05-30 16:11:32+08:00
515100,红利低波100ETF,1.482,1.4798,-0.15,0.005,0.34,602435.0,89109385.0,1.477,1.483,1.474,1.477,0.61,1.46,1.14,-20.35,232743.0,369692.0,21642743.0,24.29,16407681.0,18.41,5235062.0,5.87,-19929735.0,-22.37,-1713008.0,-1.92,40.0,1.48,1.481,4137441504.0,6131688309,61.31688309,2025-05-30,2025-05-30 16:11:42+08:00
159841,证券ETF,0.946,0.947,0.11,-0.005,-0.53,1173665.0,110849987.1,0.948,0.949,0.94,0.951,0.95,1.83,1.02,-31.73,452026.0,721639.0,-14842879.0,-13.39,-13732817.0,-12.39,-1110062.0,-1.0,10434476.0,9.41,4408404.0,3.98,9952.0,0.945,0.946,6413238528.0,6066923647,60.66923647,2025-05-30,2025-05-30 15:34:36+08:00
159513,纳斯达克100指数ETF,1.289,1.2921,0.24,-0.026,-1.98,869387.0,112010187.0,1.285,1.293,1.284,1.315,0.68,1.85,0.95,-7.25,400897.0,468490.0,-327180.0,-0.29,-5669711.0,-5.06,5342531.0,4.77,-5213846.0,-4.65,5541025.0,4.95,7350.0,1.288,1.289,4698548992.0,6056429651,60.56429651,2025-05-30,2025-05-30 15:35:03+08:00
159691,港股红利ETF,1.16,1.1593,-0.06,-0.004,-0.34,1527441.0,177172691.7,1.16,1.164,1.153,1.164,0.95,2.94,0.67,45.27,832439.0,695002.0,-66110050.0,-37.31,-41745806.0,-23.56,-24364244.0,-13.75,32603791.0,18.4,33506260.0,18.91,1035.0,1.159,1.16,5200301312.0,6032349522,60.32349522,2025-05-30,2025-05-30 15:34:30+08:00
159339,A500ETF,0.945,0.9472,0.23,-0.004,-0.42,1914320.0,180830000.25,0.948,0.949,0.941,0.949,0.84,3.08,0.84,-15.91,730940.0,1183380.0,1623481.0,0.9,-287279.0,-0.16,1910760.0,1.06,1388136.0,0.77,-3011618.0,-1.67,-2162.0,0.945,0.946,6212086784.0,5870422011,58.70422011,2025-05-30,2025-05-30 15:34:33+08:00
515300,300红利低波ETF,1.4,1.3974,-0.19,0.007,0.5,897070.0,125390467.0,1.392,1.402,1.39,1.393,0.86,2.15,1.01,16.1,423621.0,473449.0,5210192.0,4.16,-4592593.0,-3.66,9802785.0,7.82,-1197487.0,-0.96,-4012704.0,-3.2,-1125.0,1.399,1.401,4175175200.0,5845245280,58.4524528,2025-05-30,2025-05-30 16:11:38+08:00
588060,科创50ETF龙头,0.622,0.6225,0.08,-0.006,-0.96,1292840.0,80433499.0,0.626,0.626,0.62,0.628,0.96,1.41,0.71,-14.09,516301.0,776539.0,-5924780.0,-7.37,-7931799.0,-9.86,2007019.0,2.5,3450061.0,4.29,2474719.0,3.08,-50.0,0.622,0.623,9193139968.0,5718133060,57.1813306,2025-05-30,2025-05-30 16:11:43+08:00
563880,中证A500指数ETF,0.968,0.9664,-0.17,-0.004,-0.41,4160503.0,402295605.0,0.973,0.973,0.963,0.972,1.03,7.32,1.0,45.43,2052568.0,2107935.0,1641590.0,0.41,14841424.0,3.69,-13199834.0,-3.28,-1195946.0,-0.3,-445637.0,-0.11,-2107.0,0.968,0.97,5683996416.0,5502108531,55.02108531,2025-05-30,2025-05-30 16:11:34+08:00
512950,央企改革ETF,1.295,1.2935,-0.12,-0.001,-0.08,63112.0,8167923.0,1.296,1.296,1.287,1.296,0.69,0.15,0.49,8.44,25521.0,37591.0,89495.0,1.1,737373.0,9.03,-647878.0,-7.93,20708.0,0.25,-110202.0,-1.35,-202.0,1.295,1.296,4210551008.0,5452663555,54.52663555,2025-05-30,2025-05-30 16:11:45+08:00
159770,机器人ETF,0.858,0.8578,-0.02,-0.018,-2.05,2074041.0,178385551.4,0.872,0.872,0.855,0.876,1.94,3.32,1.06,49.8,916110.0,1157931.0,-45018689.0,-25.24,-36614644.0,-20.53,-8404045.0,-4.71,23298444.0,13.06,21720246.0,12.18,-23675.0,0.858,0.859,6241087744.0,5354853284,53.54853284,2025-05-30,2025-05-30 15:34:57+08:00
159356,A500ETF基金,0.981,0.9792,-0.18,-0.004,-0.41,861244.0,84187529.39,0.984,0.984,0.974,0.985,1.02,1.62,0.92,51.67,383374.0,477870.0,-4230640.0,-5.03,-3260048.0,-3.87,-970592.0,-1.15,4431211.0,5.26,-200572.0,-0.24,84.0,0.98,0.982,5321120768.0,5220019473,52.20019473,2025-05-30,2025-05-30 15:34:24+08:00
159938,医药卫生ETF,0.641,0.6398,-0.19,0.003,0.47,817206.0,52315961.1,0.637,0.646,0.636,0.638,1.57,1.02,1.59,28.74,378883.0,438323.0,5385655.0,10.29,10142652.0,19.39,-4756997.0,-9.09,-1475761.0,-2.82,-3909894.0,-7.47,714.0,0.64,0.641,7984567296.0,5118107637,51.18107637,2025-05-30,2025-05-30 15:34:54+08:00
515070,人工智能AIETF,1.141,1.1403,-0.06,-0.018,-1.55,561005.0,63982621.0,1.152,1.155,1.136,1.159,1.64,1.27,0.95,25.04,188234.0,372771.0,-14271016.0,-22.3,-6263771.0,-9.79,-8007245.0,-12.51,5788595.0,9.05,8482421.0,13.26,-176.0,1.14,1.142,4434470144.0,5059730434,50.59730434,2025-05-30,2025-05-30 16:11:51+08:00
512960,央企结构调整ETF,1.255,1.2548,-0.02,-0.002,-0.16,117851.0,14780895.0,1.256,1.258,1.249,1.257,0.72,0.29,1.12,7.03,60952.0,56899.0,85170.0,0.58,-113040.0,-0.76,198210.0,1.34,-63579.0,-0.43,-21590.0,-0.15,-2000.0,1.254,1.257,4023257296.0,5049187906,50.49187906,2025-05-30,2025-05-30 16:11:42+08:00
159659,纳斯达克100ETF,1.651,1.6551,0.25,-0.034,-2.02,1278748.0,211127632.8,1.646,1.656,1.645,1.685,0.65,4.23,1.29,55.66,689886.0,588862.0,-25271930.0,-11.97,-25643897.0,-12.15,371967.0,0.18,11191131.0,5.3,14080798.0,6.67,6783.0,1.65,1.651,3022744064.0,4990550450,49.9055045,2025-05-30,2025-05-30 15:34:15+08:00
159595,中证A50ETF基金,1.14,1.1399,-0.01,-0.006,-0.52,2164091.0,246380314.2,1.144,1.144,1.133,1.146,0.96,4.98,1.33,61.31,851355.0,1312736.0,1264952.0,0.51,-316183.0,-0.13,1581135.0,0.64,-174714.0,-0.07,-1090239.0,-0.44,-655.0,1.14,1.141,4343113216.0,4951149066,49.51149066,2025-05-30,2025-05-30 15:34:33+08:00
588220,科创100ETF基金,0.951,0.9504,-0.06,-0.011,-1.14,1459831.0,139082918.0,0.958,0.958,0.949,0.962,0.94,2.84,1.0,34.37,663550.0,796281.0,-6509276.0,-4.68,-10219388.0,-7.35,3710112.0,2.67,3778317.0,2.72,2730959.0,1.96,408.0,0.95,0.951,5139697920.0,4887852722,48.87852722,2025-05-30,2025-05-30 16:11:49+08:00
159813,半导体ETF,0.756,0.756,0.0,-0.01,-1.31,1544021.0,116706790.684,0.762,0.763,0.753,0.766,1.31,2.43,0.79,6.06,630935.0,913086.0,-28862196.0,-24.73,-26413210.0,-22.63,-2448986.0,-2.1,15604247.0,13.37,13257948.0,11.36,-10874.0,0.756,0.757,6354862336.0,4804275926,48.04275926,2025-05-30,2025-05-30 15:34:15+08:00
513380,恒生科技ETF龙头,0.632,0.6325,0.08,-0.015,-2.32,3785741.0,240127539.0,0.641,0.642,0.631,0.647,1.7,5.02,0.81,-29.54,1601646.0,2184095.0,-31783307.0,-13.24,-47323468.0,-19.71,15540161.0,6.47,21979041.0,9.15,9804267.0,4.08,-5.0,0.632,0.633,7546785024.0,4769568135,47.69568135,2025-05-30,2025-05-30 16:11:59+08:00
159736,食品饮料ETF天弘,0.72,0.7218,0.25,-0.005,-0.69,67356.0,4871387.9,0.726,0.729,0.72,0.725,1.24,0.1,0.35,13.06,24627.0,42729.0,137433.0,2.82,-156690.0,-3.22,294123.0,6.04,-224889.0,-4.62,87455.0,1.8,-1000.0,0.721,0.722,6622394368.0,4768123945,47.68123945,2025-05-30,2025-05-30 15:34:15+08:00
510230,金融ETF,1.35,1.3465,-0.26,0.004,0.3,315783.0,42515772.0,1.345,1.352,1.337,1.346,1.11,0.9,1.0,-26.35,163450.0,152333.0,528811.0,1.24,566087.0,1.33,-37276.0,-0.09,528815.0,1.24,-1057625.0,-2.49,-1191.0,1.348,1.349,3519808000.0,4751740800,47.517408,2025-05-30,2025-05-30 16:11:47+08:00
520990,港股央企红利50ETF,0.965,0.9668,0.19,-0.005,-0.52,404447.0,39069838.0,0.968,0.972,0.963,0.97,0.93,0.82,0.56,-29.03,223716.0,180731.0,-68195.0,-0.17,933825.0,2.39,-1002020.0,-2.56,973094.0,2.49,-904899.0,-2.32,2.0,0.964,0.965,4914470400.0,4742463936,47.42463936,2025-05-30,2025-05-30 16:11:48+08:00
159605,中概互联ETF,1.033,1.0605,2.59,-0.027,-2.55,5120518.0,530683370.875,1.047,1.048,1.031,1.06,1.6,11.3,0.98,-11.89,2026563.0,3093955.0,-86856508.0,-16.37,-95117567.0,-17.92,8261059.0,1.56,54030115.0,10.18,32826393.0,6.19,57389.0,1.032,1.033,4529486080.0,4678959121,46.78959121,2025-05-30,2025-05-30 15:34:51+08:00
560050,MSCI中国A50ETF,0.815,0.8124,-0.32,-0.004,-0.49,454034.0,36890538.0,0.819,0.819,0.809,0.819,1.22,0.79,0.98,-1.08,210675.0,243359.0,-1788482.0,-4.85,3891776.0,10.55,-5680258.0,-15.4,1108178.0,3.0,680305.0,1.84,8.0,0.814,0.815,5714934528.0,4657671640,46.5767164,2025-05-30,2025-05-30 16:11:45+08:00
512670,国防ETF,0.714,0.7127,-0.18,0.004,0.56,2625425.0,186702088.0,0.707,0.717,0.703,0.71,1.97,4.03,1.11,-11.28,1468457.0,1156968.0,8219957.0,4.4,2593024.0,1.39,5626933.0,3.01,-4825988.0,-2.58,-3393969.0,-1.82,149.0,0.713,0.714,6514652672.0,4651462008,46.51462008,2025-05-30,2025-05-30 16:11:38+08:00
513770,港股互联网ETF,1.016,1.018,0.2,-0.025,-2.4,7284932.0,741048662.0,1.029,1.031,1.01,1.041,2.02,16.01,1.82,20.94,3308829.0,3976103.0,-179040721.0,-24.16,-191100657.0,-25.79,12059936.0,1.63,89812481.0,12.12,89228244.0,12.04,4183.0,1.015,1.017,4549068800.0,4621853901,46.21853901,2025-05-30,2025-05-30 16:11:35+08:00
512680,军工ETF龙头,1.074,1.0726,-0.13,0.002,0.19,308906.0,33044298.0,1.068,1.078,1.061,1.072,1.59,0.72,0.57,-43.38,165891.0,143015.0,490811.0,1.49,1571241.0,4.75,-1080430.0,-3.27,-1013169.0,-3.07,522357.0,1.58,5.0,1.073,1.074,4279330096.0,4596000523,45.96000523,2025-05-30,2025-05-30 16:11:43+08:00
515800,800ETF,0.999,0.9968,-0.22,-0.002,-0.2,349289.0,34823250.0,1.0,1.001,0.993,1.001,0.8,0.76,0.76,25.08,190967.0,158322.0,1249514.0,3.59,-1839935.0,-5.28,3089449.0,8.87,-1151084.0,-3.31,-98430.0,-0.28,36.0,0.998,0.999,4571187200.0,4566616013,45.66616013,2025-05-30,2025-05-30 16:12:00+08:00
159682,创业50ETF,0.857,0.8562,-0.09,-0.009,-1.04,824905.0,70665117.7,0.862,0.862,0.852,0.866,1.15,1.57,0.77,-35.54,316296.0,508609.0,-8723959.0,-12.35,-7542227.0,-10.67,-1181732.0,-1.67,4534355.0,6.42,4189603.0,5.93,-7364.0,0.857,0.858,5238307584.0,4489229599,44.89229599,2025-05-30,2025-05-30 15:34:39+08:00
518850,黄金ETF华夏,7.405,7.4121,0.1,0.068,0.93,495603.0,366621207.0,7.429,7.43,7.373,7.337,0.78,8.2,0.91,53.07,207196.0,288407.0,20624593.0,5.63,18290586.0,4.99,2334007.0,0.64,-14691769.0,-4.01,-5932824.0,-1.62,-35.0,7.406,7.407,604578704.0,4476905303,44.76905303,2025-05-30,2025-05-30 16:11:53+08:00
159948,创业板ETF南方,2.195,2.1906,-0.2,-0.018,-0.81,108182.0,23712462.5,2.207,2.207,2.183,2.213,1.08,0.53,0.74,32.93,53383.0,54799.0,1756801.0,7.41,1552634.0,6.55,204167.0,0.86,-3147867.0,-13.28,1391066.0,5.87,207.0,2.194,2.195,2034697728.0,4466161513,44.66161513,2025-05-30,2025-05-30 15:35:03+08:00
512400,有色金属ETF,1.044,1.0437,-0.03,-0.008,-0.76,582107.0,60803338.0,1.052,1.052,1.04,1.052,1.14,1.37,0.74,15.43,216492.0,365615.0,-305938.0,-0.5,6578624.0,10.82,-6884562.0,-11.32,-994453.0,-1.64,1300391.0,2.14,-93.0,1.044,1.045,4235539008.0,4421902724,44.21902724,2025-05-30,2025-05-30 16:11:44+08:00
516160,新能源ETF,1.774,1.771,-0.17,-0.017,-0.95,192504.0,34185038.0,1.79,1.791,1.771,1.791,1.12,0.79,0.66,23.34,84814.0,107690.0,-2631631.0,-7.7,-11362.0,-0.03,-2620269.0,-7.66,-2021690.0,-5.91,4653322.0,13.61,-1.0,1.774,1.775,2437142000.0,4323489908,43.23489908,2025-05-30,2025-05-30 16:12:00+08:00
513260,恒生科技ETF基金,1.333,1.3316,-0.11,-0.032,-2.34,3631623.0,485579433.0,1.349,1.35,1.33,1.365,1.47,11.21,0.87,-17.44,1368865.0,2262758.0,-79865210.0,-16.45,-92424947.0,-19.03,12559737.0,2.59,40475648.0,8.34,39389560.0,8.11,89.0,1.331,1.332,3240243008.0,4319243930,43.1924393,2025-05-30,2025-05-30 16:11:40+08:00
510100,上证50ETF易方达,2.69,2.6804,-0.36,-0.005,-0.19,346166.0,93031019.0,2.696,2.699,2.672,2.695,1.0,2.16,0.97,-9.03,177716.0,168450.0,1609676.0,1.73,4898194.0,5.27,-3288518.0,-3.53,-3096065.0,-3.33,1486390.0,1.6,2458.0,2.688,2.69,1603406800.0,4313164292,43.13164292,2025-05-30,2025-05-30 16:11:44+08:00
588090,科创板ETF,1.01,1.0059,-0.41,-0.009,-0.88,434689.0,43909389.0,1.015,1.018,1.008,1.019,0.98,1.02,0.75,26.82,132690.0,301998.0,-2476130.0,-5.64,-625758.0,-1.43,-1850372.0,-4.21,82729.0,0.19,2393402.0,5.45,2.0,1.009,1.01,4245072800.0,4287523528,42.87523528,2025-05-30,2025-05-30 16:12:01+08:00
159783,科创创业50ETF,0.528,0.5278,-0.04,-0.004,-0.75,193677.0,10215678.431,0.53,0.53,0.526,0.532,0.75,0.24,0.66,-14.25,65856.0,127821.0,-994694.0,-9.74,106600.0,1.04,-1101294.0,-10.78,313345.0,3.07,681350.0,6.67,-1651.0,0.528,0.529,8109059328.0,4281583325,42.81583325,2025-05-30,2025-05-30 15:34:54+08:00
517520,黄金股ETF,1.39,1.3907,0.05,-0.008,-0.57,881706.0,122748187.0,1.405,1.408,1.386,1.398,1.57,2.87,0.93,35.88,227576.0,654130.0,34124880.0,27.8,26396709.0,21.5,7728171.0,6.3,-430019.0,-0.35,-33694860.0,-27.45,-10.0,1.391,1.392,3073404000.0,4272031560,42.7203156,2025-05-30,2025-05-30 16:11:45+08:00
515290,银行ETF天弘,1.446,1.441,-0.35,0.012,0.84,365194.0,52610136.0,1.443,1.448,1.426,1.434,1.53,1.24,0.85,15.87,165438.0,199756.0,-1565179.0,-2.98,5094859.0,9.68,-6660038.0,-12.66,1520285.0,2.89,44893.0,0.09,-136.0,1.446,1.447,2938972896.0,4249754808,42.49754808,2025-05-30,2025-05-30 16:11:43+08:00
159851,金融科技ETF,1.411,1.4082,-0.2,-0.013,-0.91,3024006.0,428026615.823,1.422,1.431,1.403,1.424,1.97,10.12,1.13,32.71,1316174.0,1707832.0,27598857.0,6.45,115525345.0,26.99,-87926488.0,-20.54,-23476207.0,-5.48,-4122651.0,-0.96,-37863.0,1.411,1.412,2988952080.0,4217411385,42.17411385,2025-05-30,2025-05-30 15:34:45+08:00
159892,恒生医药ETF,0.662,0.6693,1.09,0.002,0.3,12264204.0,814588105.3,0.664,0.67,0.659,0.66,1.67,19.28,0.98,-27.56,5546106.0,6718098.0,-4806684.0,-0.59,15607248.0,1.92,-20413932.0,-2.51,2547679.0,0.31,2259013.0,0.28,-52427.0,0.662,0.663,6362266112.0,4211820166,42.11820166,2025-05-30,2025-05-30 15:34:30+08:00
515660,沪深300ETF国联安,4.66,4.6561,-0.08,-0.013,-0.28,991.0,460981.0,4.663,4.668,4.646,4.673,0.47,0.01,1.62,4.75,83.0,908.0,107344.0,23.29,0.0,0.0,107344.0,23.29,-141288.0,-30.65,33945.0,7.36,-1.0,4.659,4.671,891694208.0,4155295009,41.55295009,2025-05-30,2025-05-30 16:11:56+08:00
159217,港股通创新药ETF工银,1.112,1.1185,0.58,0.001,0.09,4815921.0,538387265.761,1.117,1.132,1.107,1.111,2.25,13.0,1.13,-52.4,2498617.0,2317304.0,10520941.0,1.95,46559183.0,8.65,-36038242.0,-6.69,-10192385.0,-1.89,-328563.0,-0.06,-3071.0,1.112,1.113,3704157600.0,4119023251,41.19023251,2025-05-30,2025-05-30 15:34:57+08:00
515030,新能源车ETF,1.196,1.1952,-0.07,-0.021,-1.73,541109.0,64885419.0,1.213,1.213,1.194,1.217,1.56,1.57,0.95,-2.9,240395.0,300714.0,-5124371.0,-7.9,-11046559.0,-17.02,5922188.0,9.13,1283464.0,1.98,3840908.0,5.92,136.0,1.195,1.196,3442384000.0,4117091264,41.17091264,2025-05-30,2025-05-30 16:11:54+08:00
513660,恒生ETF,2.847,2.8546,0.27,-0.039,-1.35,683941.0,194915411.0,2.87,2.87,2.841,2.886,1.0,4.79,1.06,-40.45,349521.0,334420.0,-7788396.0,-4.0,-22435246.0,-11.51,14646850.0,7.51,4329345.0,2.22,3459051.0,1.77,-9.0,2.847,2.848,1427000096.0,4062669273,40.62669273,2025-05-30,2025-05-30 16:11:42+08:00
513690,港股红利ETF博时,0.979,0.9772,-0.18,0.0,0.0,1233693.0,120401142.0,0.976,0.98,0.973,0.979,0.72,3.01,1.52,51.47,594159.0,639534.0,-2391827.0,-1.99,-3108748.0,-2.58,716921.0,0.6,2936372.0,2.44,-544546.0,-0.45,-21.0,0.978,0.979,4100979904.0,4014859326,40.14859326,2025-05-30,2025-05-30 16:11:38+08:00
511160,国债ETF东财,99.983,,,0.043,0.04,24001.0,239952745.0,99.938,99.991,99.938,99.94,0.05,6.01,0.79,-29.39,15993.0,8008.0,1404306.0,0.59,-99848.0,-0.04,1504154.0,0.63,-939806.0,-0.39,-464500.0,-0.19,-35.0,99.983,99.985,39920900.0,3991411345,39.91411345,2025-05-30,2025-05-30 16:11:40+08:00
510210,上证指数ETF,0.831,0.8297,-0.16,-0.004,-0.48,1446368.0,120075545.0,0.831,0.832,0.828,0.835,0.48,3.02,0.87,41.31,593378.0,852990.0,3167746.0,2.64,4152131.0,3.46,-984385.0,-0.82,-4993075.0,-4.16,1825330.0,1.52,49.0,0.83,0.831,4793192704.0,3983143137,39.83143137,2025-05-30,2025-05-30 16:11:32+08:00
159780,双创ETF,0.528,0.5262,-0.34,-0.004,-0.75,440243.0,23228668.478,0.531,0.531,0.526,0.532,0.94,0.59,0.89,-32.57,149826.0,290417.0,-107349.0,-0.46,3097313.0,13.33,-3204662.0,-13.8,-173622.0,-0.75,280971.0,1.21,-1832.0,0.528,0.529,7524048640.0,3972697682,39.72697682,2025-05-30,2025-05-30 15:34:51+08:00
563000,中国A50ETF,0.822,0.8192,-0.34,-0.005,-0.6,190864.0,15680102.0,0.825,0.825,0.817,0.827,0.97,0.4,0.56,50.18,78144.0,112720.0,-1165172.0,-7.43,304101.0,1.94,-1469273.0,-9.37,508885.0,3.25,656287.0,4.19,-5.0,0.822,0.823,4795951104.0,3942271807,39.42271807,2025-05-30,2025-05-30 16:11:55+08:00
513110,纳斯达克100ETF,1.768,1.7744,0.36,-0.038,-2.1,824804.0,145929051.0,1.767,1.775,1.764,1.806,0.61,3.72,1.13,2.76,385640.0,439164.0,-13778370.0,-9.44,-19641833.0,-13.46,5863463.0,4.02,8452406.0,5.79,5325964.0,3.65,-8.0,1.768,1.769,2219435008.0,3923961094,39.23961094,2025-05-30,2025-05-30 16:11:34+08:00
159967,创业板成长ETF,0.41,0.4101,0.02,-0.005,-1.2,1067756.0,43794347.77,0.413,0.413,0.408,0.415,1.2,1.13,0.82,15.45,357804.0,709952.0,-5259740.0,-12.01,-6370630.0,-14.55,1110890.0,2.54,4558906.0,10.41,700834.0,1.6,-9453.0,0.41,0.411,9428305920.0,3865605427,38.65605427,2025-05-30,2025-05-30 15:34:54+08:00
159357,中证A500指数ETF,0.986,0.9879,0.19,-0.005,-0.5,233272.0,22951917.781,0.991,0.991,0.982,0.991,0.91,0.6,0.7,11.18,112040.0,121232.0,1925298.0,8.39,-1778730.0,-7.75,3704028.0,16.14,-1908546.0,-8.32,-16752.0,-0.07,-658.0,0.987,0.988,3901833840.0,3847208166,38.47208166,2025-05-30,2025-05-30 15:34:42+08:00
510350,沪深300ETF工银,3.914,3.9031,-0.28,-0.005,-0.13,92580.0,36054630.0,3.92,3.92,3.886,3.919,0.87,0.95,1.55,11.47,40972.0,51608.0,2026003.0,5.62,17906971.0,49.67,-15880968.0,-44.05,-2650825.0,-7.35,624822.0,1.73,1.0,3.913,3.915,979314704.0,3833037751,38.33037751,2025-05-30,2025-05-30 16:11:48+08:00
159549,红利低波ETF天弘,1.151,1.1524,0.12,0.003,0.26,20279.0,2331497.0,1.15,1.152,1.147,1.148,0.44,0.06,0.61,-96.52,7473.0,12806.0,59615.0,2.56,-552145.0,-23.68,611760.0,26.24,19474.0,0.84,-79088.0,-3.39,-1.0,1.151,1.152,3310523888.0,3810412995,38.10412995,2025-05-30,2025-05-30 15:34:27+08:00
159925,沪深300ETF南方,3.888,3.8871,-0.02,-0.01,-0.26,276786.0,107333688.362,3.898,3.898,3.863,3.898,0.9,2.84,1.53,51.54,208933.0,67852.0,-7419258.0,-6.91,-3045923.0,-2.84,-4373335.0,-4.07,6195449.0,5.77,1223808.0,1.14,-274.0,3.888,3.89,973220864.0,3783882719,37.83882719,2025-05-30,2025-05-30 15:34:30+08:00
515220,煤炭ETF,0.986,0.9845,-0.15,-0.006,-0.6,1067999.0,105372329.0,0.991,0.992,0.985,0.992,0.71,2.8,0.75,-19.24,403422.0,664577.0,7253567.0,6.88,9205607.0,8.74,-1952040.0,-1.85,-9665847.0,-9.17,2412279.0,2.29,-20.0,0.986,0.987,3813676896.0,3760285419,37.60285419,2025-05-30,2025-05-30 16:11:58+08:00
512290,生物医药ETF,0.969,0.9689,-0.01,-0.001,-0.1,868625.0,84462499.0,0.967,0.98,0.966,0.97,1.44,2.25,1.17,1.76,430144.0,438481.0,16015006.0,18.96,30273753.0,35.84,-14258747.0,-16.88,-9997808.0,-11.84,-6017197.0,-7.12,20.0,0.968,0.97,3865820704.0,3745980262,37.45980262,2025-05-30,2025-05-30 16:11:49+08:00
512020,A500ETF指数,0.992,0.9895,-0.25,-0.003,-0.3,722700.0,71469663.0,0.995,0.996,0.986,0.995,1.01,1.94,1.1,47.11,348719.0,373982.0,-2864177.0,-4.01,748774.0,1.05,-3612951.0,-5.06,2836696.0,3.97,27480.0,0.04,650.0,0.991,0.993,3728012704.0,3698188602,36.98188602,2025-05-30,2025-05-30 16:11:58+08:00
515120,创新药ETF,0.592,0.5903,-0.29,0.004,0.68,3697723.0,218677096.0,0.585,0.598,0.584,0.588,2.38,5.94,1.66,13.26,1374782.0,2322941.0,24548807.0,11.23,65969631.0,30.17,-41420824.0,-18.94,-20763471.0,-9.5,-3785338.0,-1.73,685.0,0.59,0.591,6222993664.0,3684012249,36.84012249,2025-05-30,2025-05-30 16:12:01+08:00
159570,港股通创新药ETF,1.37,1.3784,0.61,0.005,0.37,12480177.0,1720822998.9,1.37,1.393,1.365,1.365,2.05,46.93,1.41,-17.69,6127433.0,6352744.0,-27489456.0,-1.6,-36856400.0,-2.14,9366944.0,0.54,3211616.0,0.19,24277838.0,1.41,-69732.0,1.37,1.371,2659597136.0,3643648076,36.43648076,2025-05-30,2025-05-30 15:34:39+08:00
515380,沪深300ETF泰康,4.342,4.3329,-0.21,-0.01,-0.23,62340.0,27008743.0,4.352,4.352,4.316,4.352,0.83,0.76,1.07,-17.32,30878.0,31462.0,-4257539.0,-15.76,-888576.0,-3.29,-3368963.0,-12.47,3147962.0,11.66,1109575.0,4.11,3.0,4.339,4.343,822699808.0,3572162566,35.72162566,2025-05-30,2025-05-30 16:11:47+08:00
159399,现金流ETF,1.011,1.0108,-0.02,0.002,0.2,2746687.0,277185721.471,1.007,1.012,1.005,1.009,0.69,7.79,1.12,-28.1,1530486.0,1216201.0,430852.0,0.16,8305967.0,3.0,-7875115.0,-2.84,-5035771.0,-1.82,4604918.0,1.66,1994.0,1.01,1.011,3525194832.0,3563971975,35.63971975,2025-05-30,2025-05-30 15:34:51+08:00
159865,养殖ETF,0.598,0.5994,0.23,0.008,1.36,2061051.0,123419241.8,0.591,0.603,0.589,0.59,2.37,3.49,3.03,-46.34,1140281.0,920770.0,18260802.0,14.8,28684699.0,23.24,-10423897.0,-8.45,-11084045.0,-8.98,-7176758.0,-5.81,-5191.0,0.598,0.599,5906455552.0,3532060420,35.3206042,2025-05-30,2025-05-30 15:34:42+08:00
159611,电力ETF,0.975,0.9749,-0.01,-0.005,-0.51,1594203.0,155400477.904,0.98,0.983,0.972,0.98,1.12,4.42,1.13,-1.7,613352.0,980851.0,-15610283.0,-10.05,-17646948.0,-11.36,2036665.0,1.31,11285368.0,7.26,4324915.0,2.78,-4103.0,0.975,0.976,3606362896.0,3516203824,35.16203824,2025-05-30,2025-05-30 15:35:00+08:00
159201,自由现金流ETF,0.989,0.9883,-0.07,-0.004,-0.4,2956135.0,291973227.021,0.992,0.992,0.985,0.993,0.7,8.32,1.11,44.24,1538834.0,1417301.0,-20209031.0,-6.92,-20529041.0,-7.03,320010.0,0.11,15962498.0,5.47,4246533.0,1.45,-3580.0,0.989,0.99,3554275936.0,3515178901,35.15178901,2025-05-30,2025-05-30 15:34:57+08:00
159673,沪深300ETF鹏华,1.033,1.0329,-0.01,-0.002,-0.19,327100.0,33711821.8,1.035,1.035,1.026,1.035,0.87,0.96,0.98,3.13,174761.0,152339.0,-3779288.0,-11.21,-1873209.0,-5.56,-1906079.0,-5.65,3295093.0,9.77,484196.0,1.44,18.0,1.032,1.033,3399528384.0,3511712821,35.11712821,2025-05-30,2025-05-30 15:34:21+08:00
513650,标普500ETF南方,1.524,1.5291,0.33,-0.023,-1.49,508034.0,77495287.0,1.525,1.529,1.523,1.547,0.39,2.22,0.95,-5.01,239261.0,268773.0,-2818534.0,-3.64,-6515184.0,-8.41,3696650.0,4.77,-2786823.0,-3.6,5605356.0,7.23,20.0,1.523,1.524,2289734000.0,3489554616,34.89554616,2025-05-30,2025-05-30 16:11:38+08:00
563080,中证A50ETF易方达,1.14,1.1366,-0.3,-0.003,-0.26,487083.0,55458642.0,1.145,1.145,1.132,1.143,1.14,1.59,1.09,21.28,189819.0,297264.0,1008932.0,1.82,5174862.0,9.33,-4165930.0,-7.51,-240675.0,-0.43,-768257.0,-1.39,-7874.0,1.139,1.141,3054588400.0,3482230776,34.82230776,2025-05-30,2025-05-30 16:11:46+08:00
518660,黄金ETF基金,7.36,7.3645,0.06,0.07,0.96,165637.0,121751833.0,7.377,7.378,7.324,7.29,0.74,3.52,0.72,51.13,83805.0,81832.0,-2873562.0,-2.36,-12971904.0,-10.65,10098342.0,8.29,2936067.0,2.41,-62504.0,-0.05,-14.0,7.36,7.361,471152704.0,3467683901,34.67683901,2025-05-30,2025-05-30 16:11:49+08:00
159859,生物医药ETF,0.364,0.3638,-0.05,0.001,0.28,2972750.0,108210067.4,0.362,0.367,0.361,0.363,1.65,3.14,1.01,-22.62,1465284.0,1507466.0,8903880.0,8.23,27631589.0,25.54,-18727709.0,-17.31,-7358834.0,-6.8,-1545046.0,-1.43,13138.0,0.363,0.364,9470240000.0,3447167360,34.4716736,2025-05-30,2025-05-30 15:34:36+08:00
515980,人工智能ETF,0.954,0.9532,-0.08,-0.016,-1.65,1043844.0,99408100.0,0.964,0.964,0.948,0.97,1.65,2.9,0.87,16.04,476786.0,567058.0,-25390873.0,-25.54,-14441849.0,-14.53,-10949024.0,-11.01,11806656.0,11.88,13584217.0,13.67,124.0,0.953,0.954,3598064496.0,3432553529,34.32553529,2025-05-30,2025-05-30 16:11:37+08:00
516510,云计算ETF,1.096,1.0922,-0.35,-0.018,-1.62,1252801.0,137443828.0,1.11,1.11,1.093,1.114,1.53,4.09,0.69,15.04,465318.0,787483.0,-18668571.0,-13.58,-16217418.0,-11.8,-2451153.0,-1.78,8057143.0,5.86,10611427.0,7.72,41.0,1.095,1.096,3065890000.0,3360215440,33.6021544,2025-05-30,2025-05-30 16:11:33+08:00
159655,标普ETF,1.537,1.5428,0.38,-0.026,-1.66,508874.0,78323406.3,1.538,1.543,1.537,1.563,0.38,2.33,1.02,9.98,219759.0,289115.0,-11508654.0,-14.69,-8976246.0,-11.46,-2532408.0,-3.23,5442625.0,6.95,6066029.0,7.74,-9112.0,1.537,1.539,2185143040.0,3358564852,33.58564852,2025-05-30,2025-05-30 15:34:21+08:00
515900,央企创新驱动ETF,1.419,1.4183,-0.05,-0.004,-0.28,78548.0,11138332.0,1.421,1.422,1.41,1.423,0.84,0.34,1.04,15.37,39636.0,38912.0,-78816.0,-0.71,852.0,0.01,-79668.0,-0.72,159646.0,1.43,-80830.0,-0.73,-6.0,1.419,1.421,2319646496.0,3291578378,32.91578378,2025-05-30,2025-05-30 16:11:38+08:00
159360,中证A500ETF天弘,0.995,0.9952,0.02,-0.004,-0.4,786292.0,78071937.268,0.999,0.999,0.99,0.999,0.9,2.39,0.91,66.4,433059.0,353233.0,250235.0,0.32,2970433.0,3.8,-2720198.0,-3.48,-211740.0,-0.27,-38496.0,-0.05,-100.0,0.995,0.996,3287184528.0,3270748605,32.70748605,2025-05-30,2025-05-30 15:34:48+08:00
515170,食品饮料ETF,0.587,0.5865,-0.09,-0.004,-0.68,508107.0,29873448.0,0.59,0.594,0.586,0.591,1.35,0.92,0.63,27.79,200826.0,307281.0,-2336148.0,-7.82,-1898349.0,-6.35,-437799.0,-1.47,1101652.0,3.69,1234496.0,4.13,-61.0,0.587,0.588,5541257984.0,3252718437,32.52718437,2025-05-30,2025-05-30 16:11:53+08:00
159623,成渝经济圈ETF,0.795,0.7949,-0.01,-0.001,-0.13,31619.0,2508998.9,0.794,0.795,0.791,0.796,0.5,0.08,1.16,-75.91,11622.0,19997.0,34747.0,1.38,0.0,0.0,34747.0,1.38,-39988.0,-1.59,5241.0,0.21,201.0,0.79,0.796,4075271696.0,3239840998,32.39840998,2025-05-30,2025-05-30 15:34:54+08:00
159601,A50ETF,0.82,0.8205,0.06,-0.003,-0.36,269417.0,22045534.315,0.821,0.822,0.814,0.823,0.97,0.69,0.87,-18.7,126685.0,142732.0,-1825378.0,-8.28,-302159.0,-1.37,-1523219.0,-6.91,768118.0,3.48,1057260.0,4.8,480.0,0.819,0.82,3897188080.0,3195694226,31.95694226,2025-05-30,2025-05-30 15:34:48+08:00
588180,科创50ETF基金,0.631,0.6313,0.05,-0.006,-0.94,470762.0,29642816.0,0.635,0.635,0.628,0.637,1.1,0.93,1.4,-2.23,247941.0,222821.0,-1837939.0,-6.2,1372004.0,4.63,-3209943.0,-10.83,698452.0,2.36,1139486.0,3.84,-30.0,0.631,0.632,5060853760.0,3193398723,31.93398723,2025-05-30,2025-05-30 16:11:42+08:00
588800,科创100ETF华夏,0.923,0.9223,-0.08,-0.01,-1.07,784950.0,72517730.0,0.928,0.929,0.92,0.933,0.96,2.28,0.77,34.77,349015.0,435935.0,-2907556.0,-4.01,2444654.0,3.37,-5352210.0,-7.38,1660448.0,2.29,1247107.0,1.72,3175.0,0.921,0.923,3444877008.0,3179621478,31.79621478,2025-05-30,2025-05-30 16:11:52+08:00
588190,科创100ETF,0.948,0.9466,-0.15,-0.011,-1.15,1536303.0,145890588.0,0.956,0.956,0.944,0.959,1.25,4.6,1.3,51.83,466047.0,1070256.0,-42245820.0,-28.96,-55915087.0,-38.33,13669267.0,9.37,32521231.0,22.29,9724588.0,6.67,-50.0,0.948,0.949,3340618304.0,3166906152,31.66906152,2025-05-30,2025-05-30 16:12:01+08:00
159801,芯片ETF龙头,0.587,0.5858,-0.2,-0.007,-1.18,382668.0,22429031.8,0.592,0.592,0.584,0.594,1.35,0.71,0.65,25.78,123411.0,259257.0,-5362381.0,-23.91,-1838652.0,-8.2,-3523729.0,-15.71,2695549.0,12.02,2666833.0,11.89,1080.0,0.586,0.587,5387120128.0,3162239515,31.62239515,2025-05-30,2025-05-30 15:34:45+08:00
159905,深红利ETF,1.644,1.6422,-0.11,0.002,0.12,158994.0,26081587.9,1.642,1.647,1.633,1.642,0.85,0.84,0.79,-62.8,88479.0,70515.0,472690.0,1.81,-547831.0,-2.1,1020521.0,3.91,-1162362.0,-4.46,689671.0,2.64,-346.0,1.644,1.645,1900443952.0,3124329857,31.24329857,2025-05-30,2025-05-30 15:34:36+08:00
513920,港股通央企红利ETF,1.413,1.4106,-0.17,-0.006,-0.42,311673.0,44058357.0,1.416,1.418,1.409,1.419,0.63,1.42,0.31,23.38,147366.0,164307.0,-6120858.0,-13.89,-1230881.0,-2.79,-4889977.0,-11.1,3073543.0,6.98,3047315.0,6.92,-106.0,1.413,1.414,2196231008.0,3103274414,31.03274414,2025-05-30,2025-05-30 16:11:49+08:00
588790,科创AIETF,0.563,0.5636,0.11,-0.012,-2.09,3030454.0,170637314.0,0.57,0.571,0.56,0.575,1.91,5.51,0.93,42.45,1172758.0,1857696.0,-36483626.0,-21.38,-48975793.0,-28.7,12492167.0,7.32,24730429.0,14.49,11753197.0,6.89,-2236.0,0.563,0.564,5503384064.0,3098405228,30.98405228,2025-05-30,2025-05-30 16:11:46+08:00
515000,科技ETF,1.252,1.2507,-0.1,-0.011,-0.87,327442.0,40968755.0,1.256,1.257,1.246,1.263,0.87,1.32,0.84,0.86,152094.0,175348.0,-3949599.0,-9.64,-582014.0,-1.42,-3367585.0,-8.22,694816.0,1.7,3254784.0,7.94,-1.0,1.252,1.253,2472289696.0,3095306699,30.95306699,2025-05-30,2025-05-30 16:11:42+08:00
159660,纳指100ETF,1.674,1.6784,0.26,-0.035,-2.05,496310.0,83107946.3,1.672,1.68,1.671,1.709,0.53,2.81,1.17,52.69,233361.0,262949.0,-12659298.0,-15.23,-9714498.0,-11.69,-2944800.0,-3.54,4854346.0,5.84,7804952.0,9.39,-2117.0,1.674,1.675,1764151360.0,2953189377,29.53189377,2025-05-30,2025-05-30 15:34:09+08:00
159766,旅游ETF,0.674,0.6733,-0.1,-0.004,-0.59,962897.0,65030158.1,0.678,0.679,0.673,0.678,0.88,2.21,0.6,-22.15,427308.0,535589.0,-6761424.0,-10.4,963193.0,1.48,-7724617.0,-11.88,3656600.0,5.62,3104825.0,4.77,14964.0,0.673,0.674,4364141056.0,2941431072,29.41431072,2025-05-30,2025-05-30 15:34:33+08:00
159696,纳指ETF易方达,1.422,1.4269,0.34,-0.029,-2.0,1094132.0,155649053.3,1.42,1.426,1.419,1.451,0.48,5.32,1.45,-65.94,516210.0,577922.0,-12158806.0,-7.81,-9108996.0,-5.85,-3049810.0,-1.96,6691798.0,4.3,5467008.0,3.51,-4954.0,1.422,1.423,2054824032.0,2921959774,29.21959774,2025-05-30,2025-05-30 15:34:51+08:00
560350,中证A50ETF指数基金,1.106,1.1038,-0.2,-0.005,-0.45,774891.0,85688264.0,1.111,1.111,1.099,1.111,1.08,2.98,1.06,13.43,270865.0,504026.0,12582011.0,14.68,11637583.0,13.58,944428.0,1.1,-12822860.0,-14.96,240848.0,0.28,-417.0,1.105,1.106,2599532096.0,2875082498,28.75082498,2025-05-30,2025-05-30 16:11:37+08:00
159359,中证A500ETF华安,0.987,0.9866,-0.04,-0.003,-0.3,634941.0,62486955.276,0.987,0.989,0.981,0.99,0.81,2.18,1.04,98.31,292881.0,342060.0,-1748669.0,-2.8,-1585107.0,-2.54,-163562.0,-0.26,1823213.0,2.92,-74545.0,-0.12,101.0,0.986,0.987,2906140432.0,2868360606,28.68360606,2025-05-30,2025-05-30 15:34:45+08:00
159998,计算机ETF,0.855,0.852,-0.35,-0.013,-1.5,744157.0,63707316.9,0.864,0.865,0.853,0.868,1.38,2.24,0.99,87.02,338899.0,405258.0,-627513.0,-0.98,1900937.0,2.98,-2528450.0,-3.97,1349490.0,2.12,-721976.0,-1.13,-780.0,0.855,0.857,3321455360.0,2839844333,28.39844333,2025-05-30,2025-05-30 15:34:21+08:00
513200,港股通医药ETF,0.904,0.9055,0.17,0.001,0.11,3523600.0,318704889.0,0.908,0.914,0.899,0.903,1.66,11.23,1.57,59.18,1594266.0,1929334.0,30055068.0,9.43,41413661.0,12.99,-11358593.0,-3.56,-29487014.0,-9.25,-568054.0,-0.18,30.0,0.903,0.904,3137282096.0,2836103015,28.36103015,2025-05-30,2025-05-30 16:11:55+08:00
510580,中证500ETF易方达,2.86,2.8573,-0.09,-0.017,-0.59,194389.0,55579717.0,2.873,2.873,2.849,2.877,0.83,1.96,1.81,6.82,121409.0,72980.0,-2497921.0,-4.49,12797247.0,23.03,-15295168.0,-27.52,1361456.0,2.45,1136463.0,2.04,-28.0,2.86,2.861,989368304.0,2829593349,28.29593349,2025-05-30,2025-05-30 16:11:54+08:00
513390,纳指100ETF,1.72,1.724,0.23,-0.034,-1.94,741446.0,127506223.0,1.718,1.725,1.715,1.754,0.57,4.52,1.69,18.61,387159.0,354287.0,-27624918.0,-21.67,-30576154.0,-23.98,2951236.0,2.31,20169489.0,15.82,7455429.0,5.85,400.0,1.719,1.72,1639379104.0,2819732059,28.19732059,2025-05-30,2025-05-30 16:11:56+08:00
159852,软件ETF,0.765,0.7641,-0.12,-0.013,-1.67,1975591.0,151057484.3,0.773,0.773,0.761,0.778,1.54,5.37,1.03,19.46,946393.0,1029198.0,-22726087.0,-15.04,-12896715.0,-8.54,-9829372.0,-6.51,12412509.0,8.22,10313578.0,6.83,19454.0,0.764,0.765,3680623920.0,2815677299,28.15677299,2025-05-30,2025-05-30 15:34:09+08:00
159959,央企ETF,1.401,1.4036,0.19,-0.003,-0.21,23178.0,3242281.2,1.4,1.405,1.393,1.404,0.85,0.12,1.87,6.73,12191.0,10987.0,194343.0,5.99,1407335.0,43.41,-1212992.0,-37.41,-299473.0,-9.24,105129.0,3.24,-112.0,1.401,1.402,1998891776.0,2800447378,28.00447378,2025-05-30,2025-05-30 15:35:03+08:00
589800,科创综指ETF易方达,0.922,0.9223,0.03,-0.009,-0.97,1851325.0,171241174.0,0.93,0.93,0.922,0.931,0.86,6.11,1.55,-66.85,1190852.0,660473.0,-635373.0,-0.37,-42627869.0,-24.89,41992496.0,24.52,-156816.0,-0.09,792188.0,0.46,-369.0,0.922,0.923,3027988208.0,2791805128,27.91805128,2025-05-30,2025-05-30 16:11:43+08:00
159985,豆粕ETF,1.926,1.9253,-0.04,0.004,0.21,1071628.0,206912308.6,1.932,1.937,1.921,1.922,0.83,7.67,1.06,-6.31,558387.0,513241.0,9960841.0,4.81,9122938.0,4.41,837903.0,0.4,-6010911.0,-2.91,-3949930.0,-1.91,11906.0,1.925,1.926,1397524064.0,2691631347,26.91631347,2025-05-30,2025-05-30 15:34:33+08:00
589000,科创综指ETF华夏,0.928,0.9277,-0.03,-0.009,-0.96,1220179.0,113180803.0,0.937,0.937,0.924,0.937,1.39,4.21,1.03,31.79,558273.0,661906.0,-40976.0,-0.04,-1184733.0,-1.05,1143757.0,1.01,-435156.0,-0.38,476133.0,0.42,125.0,0.927,0.928,2899507808.0,2690743246,26.90743246,2025-05-30,2025-05-30 16:12:01+08:00
159755,电池ETF,0.661,0.6609,-0.02,-0.011,-1.64,826927.0,54754821.1,0.67,0.67,0.659,0.672,1.64,2.04,0.7,29.91,294279.0,532648.0,-6825509.0,-12.47,-967791.0,-1.77,-5857718.0,-10.7,3062352.0,5.59,3763156.0,6.87,-2824.0,0.661,0.662,4051646752.0,2678138503,26.78138503,2025-05-30,2025-05-30 15:34:48+08:00
513820,港股红利ETF基金,1.174,1.1742,0.02,-0.002,-0.17,415923.0,48875477.0,1.177,1.18,1.173,1.176,0.6,1.88,0.58,-10.05,197458.0,218465.0,-6922543.0,-14.16,-744872.0,-1.52,-6177671.0,-12.64,5238339.0,10.72,1684204.0,3.45,-5.0,1.174,1.175,2214169008.0,2599434415,25.99434415,2025-05-30,2025-05-30 16:11:59+08:00
518680,金ETF,7.682,7.6855,0.05,0.074,0.97,170631.0,130922329.0,7.705,7.705,7.645,7.608,0.79,5.04,0.76,4.35,103597.0,67034.0,-6892021.0,-5.26,-5567259.0,-4.25,-1324762.0,-1.01,7618383.0,5.82,-726362.0,-0.55,169.0,7.679,7.686,338369504.0,2599354530,25.9935453,2025-05-30,2025-05-30 16:11:32+08:00
517300,沪港深300ETF,0.789,0.7903,0.16,-0.003,-0.38,6476.0,509483.0,0.792,0.792,0.784,0.792,1.01,0.02,0.54,-15.23,1094.0,5382.0,93818.0,18.41,0.0,0.0,93818.0,18.41,-15288.0,-3.0,-78530.0,-15.41,3.0,0.787,0.789,3294434496.0,2599308817,25.99308817,2025-05-30,2025-05-30 16:11:34+08:00
515880,通信ETF,1.237,1.2338,-0.26,-0.012,-0.96,812182.0,100088955.0,1.238,1.24,1.227,1.249,1.04,3.9,0.57,1.51,397607.0,414575.0,-1823612.0,-1.82,4978484.0,4.97,-6802096.0,-6.8,-1975437.0,-1.97,3799048.0,3.8,464.0,1.236,1.237,2081462304.0,2574768870,25.7476887,2025-05-30,2025-05-30 16:11:43+08:00
512980,传媒ETF,0.799,0.7982,-0.1,-0.009,-1.11,701802.0,56357550.0,0.805,0.81,0.797,0.808,1.61,2.2,0.7,19.09,276770.0,425031.0,-651074.0,-1.16,4435325.0,7.87,-5086399.0,-9.03,507285.0,0.9,143790.0,0.26,-20.0,0.798,0.8,3187424400.0,2546752096,25.46752096,2025-05-30,2025-05-30 16:11:54+08:00
513910,港股央企红利ETF,1.408,1.4073,-0.05,-0.005,-0.35,381374.0,53767491.0,1.409,1.416,1.406,1.413,0.71,2.12,0.57,0.05,170329.0,211045.0,-2382672.0,-4.43,-3818648.0,-7.1,1435976.0,2.67,1056305.0,1.96,1326368.0,2.47,112.0,1.407,1.408,1802276000.0,2537604608,25.37604608,2025-05-30,2025-05-30 16:11:41+08:00
159581,红利ETF基金,1.022,1.0215,-0.05,0.003,0.29,220178.0,22462065.6,1.018,1.022,1.017,1.019,0.49,0.89,0.69,-11.9,110838.0,109340.0,-701106.0,-3.12,0.0,0.0,-701106.0,-3.12,658817.0,2.93,42288.0,0.19,450.0,1.021,1.022,2470225712.0,2524570678,25.24570678,2025-05-30,2025-05-30 15:34:36+08:00
159358,中证A500ETF基金,0.998,0.9985,0.05,-0.003,-0.3,1282940.0,127726013.708,1.001,1.001,0.992,1.001,0.9,5.1,0.91,18.28,541471.0,741469.0,323481.0,0.25,880408.0,0.69,-556927.0,-0.44,-103139.0,-0.08,-220342.0,-0.17,-2039.0,0.998,0.999,2513106416.0,2508080203,25.08080203,2025-05-30,2025-05-30 15:34:27+08:00
159592,A50ETF基金,1.122,1.1222,0.02,-0.004,-0.36,479044.0,53644494.4,1.127,1.127,1.114,1.126,1.15,2.14,1.42,67.7,224820.0,254224.0,3615139.0,6.74,9408866.0,17.54,-5793727.0,-10.8,-3588210.0,-6.69,-26929.0,-0.05,-102.0,1.122,1.123,2234310464.0,2506896341,25.06896341,2025-05-30,2025-05-30 15:34:39+08:00
562000,中证A100ETF基金,0.941,0.9396,-0.15,-0.004,-0.42,176876.0,16634050.0,0.94,0.944,0.936,0.945,0.85,0.67,0.65,-62.63,90830.0,86046.0,-1934727.0,-11.63,-1487576.0,-8.94,-447151.0,-2.69,1475008.0,8.87,459718.0,2.76,652.0,0.94,0.941,2648368896.0,2492115131,24.92115131,2025-05-30,2025-05-30 16:12:00+08:00
159971,创业板ETF富国,1.385,1.3822,-0.2,-0.011,-0.79,120398.0,16662527.5,1.39,1.391,1.378,1.396,0.93,0.67,0.87,-31.71,49311.0,71087.0,717700.0,4.31,2166601.0,13.0,-1448901.0,-8.7,-1773479.0,-10.64,1055779.0,6.34,-238.0,1.385,1.386,1794010144.0,2484704049,24.84704049,2025-05-30,2025-05-30 15:34:45+08:00
513550,港股通50ETF,1.045,1.0496,0.44,-0.013,-1.23,333901.0,34952096.0,1.053,1.053,1.044,1.058,0.85,1.44,0.5,-17.69,154888.0,179013.0,-2161489.0,-6.18,-2935477.0,-8.4,773988.0,2.21,1030788.0,2.95,1130700.0,3.24,20.0,1.044,1.045,2316992000.0,2421256640,24.2125664,2025-05-30,2025-05-30 16:11:32+08:00
516970,基建50ETF,1.045,1.0437,-0.12,-0.001,-0.1,174700.0,18213057.0,1.043,1.048,1.038,1.046,0.96,0.78,0.85,-8.8,71950.0,102749.0,1253769.0,6.88,307323.0,1.69,946446.0,5.2,-2055123.0,-11.28,801355.0,4.4,159.0,1.043,1.045,2244542496.0,2345546908,23.45546908,2025-05-30,2025-05-30 16:11:57+08:00
159362,A500ETF工银,0.983,0.9822,-0.08,-0.002,-0.2,259365.0,25393312.562,0.983,0.984,0.976,0.985,0.81,1.09,1.02,2.06,135261.0,124104.0,-364969.0,-1.44,-2601904.0,-10.25,2236935.0,8.81,470907.0,1.85,-105937.0,-0.42,900.0,0.981,0.982,2369180192.0,2328904129,23.28904129,2025-05-30,2025-05-30 15:34:36+08:00
515650,消费50ETF,1.181,1.1799,-0.09,-0.004,-0.34,257384.0,30400052.0,1.181,1.189,1.176,1.185,1.1,1.32,0.71,-25.23,107279.0,150105.0,-3319295.0,-10.92,-173014.0,-0.57,-3146281.0,-10.35,2812966.0,9.25,506328.0,1.67,-1540.0,1.181,1.182,1953184000.0,2306710304,23.06710304,2025-05-30,2025-05-30 16:12:00+08:00
588290,科创芯片ETF基金,1.439,1.4385,-0.03,-0.019,-1.3,542342.0,77991014.0,1.451,1.458,1.434,1.458,1.65,3.4,1.04,-9.08,288867.0,253475.0,-6240998.0,-8.0,185365.0,0.24,-6426363.0,-8.24,2708254.0,3.47,3532744.0,4.53,33.0,1.437,1.439,1596397008.0,2297215295,22.97215295,2025-05-30,2025-05-30 16:11:51+08:00
513580,恒生科技ETF指数基金,0.692,0.6929,0.13,-0.017,-2.4,1851619.0,128705790.0,0.702,0.702,0.69,0.709,1.69,5.61,0.9,-22.75,669898.0,1181721.0,-20134547.0,-15.64,-32682654.0,-25.39,12548107.0,9.75,13881454.0,10.79,6253093.0,4.86,-2000.0,0.692,0.693,3301118000.0,2284373656,22.84373656,2025-05-30,2025-05-30 16:11:43+08:00
159300,300ETF,3.96,3.9602,0.01,-0.01,-0.25,378849.0,149590819.146,3.966,3.966,3.934,3.97,0.81,6.59,1.49,31.73,205619.0,173230.0,-11791113.0,-7.88,32596230.0,21.79,-44387343.0,-29.67,5668219.0,3.79,6122894.0,4.09,142.0,3.959,3.96,575158096.0,2277626060,22.7762606,2025-05-30,2025-05-30 15:34:12+08:00
159828,医疗ETF,0.406,0.4063,0.07,-0.001,-0.25,1472204.0,59838692.7,0.406,0.41,0.4,0.407,2.46,2.64,1.49,-37.06,545998.0,926206.0,468238.0,0.78,7576214.0,12.66,-7107976.0,-11.88,-150426.0,-0.25,-317812.0,-0.53,-1600.0,0.406,0.407,5586439424.0,2268094406,22.68094406,2025-05-30,2025-05-30 15:34:27+08:00
159516,半导体设备ETF,0.997,0.9971,0.01,-0.014,-1.38,666021.0,66551016.775,1.006,1.006,0.995,1.011,1.09,2.97,0.82,12.78,218619.0,447403.0,-6747058.0,-10.14,-5367004.0,-8.06,-1380054.0,-2.07,2281413.0,3.43,4465644.0,6.71,-2436.0,0.997,0.998,2245590000.0,2238853230,22.3885323,2025-05-30,2025-05-30 15:35:03+08:00
588380,双创50ETF,0.538,0.5371,-0.17,-0.005,-0.92,307925.0,16537486.0,0.541,0.541,0.535,0.543,1.1,0.74,0.83,12.25,136941.0,170984.0,164619.0,1.0,3530744.0,21.35,-3366125.0,-20.35,-389807.0,-2.36,225189.0,1.36,-620.0,0.538,0.539,4157770000.0,2236880260,22.3688026,2025-05-30,2025-05-30 16:11:48+08:00
515700,新能车ETF,1.587,1.586,-0.06,-0.028,-1.73,230578.0,36680904.0,1.612,1.612,1.584,1.615,1.73,1.67,0.83,9.41,87351.0,143228.0,-960359.0,-2.62,-1565946.0,-4.27,605587.0,1.65,66228.0,0.18,894131.0,2.44,-127.0,1.587,1.588,1378510208.0,2187695700,21.876957,2025-05-30,2025-05-30 16:11:58+08:00
589680,科创综指ETF鹏华,0.926,0.9269,0.1,-0.01,-1.07,1770709.0,164122669.0,0.934,0.934,0.924,0.936,1.07,7.54,1.65,5.58,1063507.0,707202.0,1282453.0,0.78,-35181696.0,-21.44,36464149.0,22.22,-1560435.0,-0.95,277982.0,0.17,6.0,0.925,0.927,2349943696.0,2176047862,21.76047862,2025-05-30,2025-05-30 16:11:34+08:00
159929,医药ETF,1.315,1.316,0.08,0.004,0.31,745230.0,98069283.524,1.31,1.326,1.309,1.311,1.3,4.54,1.56,-20.83,392877.0,352353.0,18966594.0,19.34,33631950.0,34.29,-14665356.0,-14.95,-12535543.0,-12.78,-6431051.0,-6.56,2119.0,1.314,1.315,1640204208.0,2156868534,21.56868534,2025-05-30,2025-05-30 15:35:03+08:00
159603,双创龙头ETF,0.813,0.812,-0.12,-0.006,-0.73,29459.0,2393526.8,0.818,0.818,0.809,0.819,1.1,0.11,0.73,-17.96,18434.0,11025.0,4399.0,0.18,533978.0,22.31,-529579.0,-22.13,-67545.0,-2.82,63146.0,2.64,-99.0,0.813,0.814,2648071920.0,2152882471,21.52882471,2025-05-30,2025-05-30 15:34:48+08:00
159820,中证500ETF天弘,0.951,0.9503,-0.07,-0.004,-0.42,25070.0,2379856.5,0.955,0.955,0.947,0.955,0.84,0.11,0.41,-37.34,16247.0,8823.0,72634.0,3.05,-575452.0,-24.18,648086.0,27.23,-8856.0,-0.37,-63778.0,-2.68,2.0,0.95,0.951,2206408464.0,2098294449,20.98294449,2025-05-30,2025-05-30 15:34:21+08:00
510760,上证综指ETF,1.069,1.0679,-0.1,-0.005,-0.47,489307.0,52290469.0,1.071,1.073,1.066,1.074,0.65,2.5,0.85,-15.91,202881.0,286426.0,-4386805.0,-8.39,-4511587.0,-8.63,124782.0,0.24,2897383.0,5.54,1489422.0,2.85,-125.0,1.069,1.07,1958503696.0,2093640451,20.93640451,2025-05-30,2025-05-30 16:11:39+08:00
159825,农业ETF,0.7,0.7,0.0,0.01,1.45,1559100.0,108951270.608,0.688,0.703,0.688,0.69,2.17,5.22,3.05,-48.99,993674.0,565426.0,23308434.0,21.39,37923603.0,34.81,-14615169.0,-13.41,-14835499.0,-13.62,-8472935.0,-7.78,5107.0,0.699,0.7,2985077408.0,2089554186,20.89554186,2025-05-30,2025-05-30 15:34:09+08:00
518860,黄金ETFAU,7.386,7.394,0.11,0.068,0.93,24469.0,18064206.0,7.403,7.41,7.354,7.318,0.77,0.87,0.51,-59.18,12949.0,11520.0,1669670.0,9.24,-296128.0,-1.64,1965798.0,10.88,-1120060.0,-6.2,-549611.0,-3.04,-349.0,7.381,7.394,280059808.0,2068521742,20.68521742,2025-05-30,2025-05-30 16:11:53+08:00
159215,中证A500ETF指数基金,0.99,0.9895,-0.05,-0.002,-0.2,1583558.0,156747682.811,0.992,0.992,0.985,0.992,0.71,7.7,5.69,60.78,1316781.0,266777.0,-7821485.0,-4.99,-4529400.0,-2.89,-3292085.0,-2.1,7762095.0,4.95,59390.0,0.04,-884.0,0.99,0.991,2056582800.0,2036016972,20.36016972,2025-05-30,2025-05-30 15:34:06+08:00
159506,恒生医疗ETF,1.133,1.141,0.7,-0.002,-0.18,5884661.0,670895697.3,1.141,1.152,1.131,1.135,1.85,32.88,1.05,-10.26,2787201.0,3097460.0,-5459056.0,-0.81,29615696.0,4.41,-35074752.0,-5.23,1869411.0,0.28,3589651.0,0.54,13400.0,1.132,1.133,1789536976.0,2027545394,20.27545394,2025-05-30,2025-05-30 15:35:00+08:00
515210,钢铁ETF,1.203,1.2022,-0.07,-0.001,-0.08,506516.0,60730888.0,1.205,1.205,1.193,1.204,1.0,3.01,1.63,10.59,246412.0,260104.0,4679244.0,7.7,11779005.0,19.4,-7099761.0,-11.69,-4672890.0,-7.69,-6353.0,-0.01,-28.0,1.201,1.203,1683726096.0,2025522493,20.25522493,2025-05-30,2025-05-30 16:12:01+08:00
513850,美国50ETF,1.359,1.364,0.37,-0.025,-1.81,667706.0,90784188.0,1.36,1.364,1.356,1.384,0.58,4.51,1.04,-2.81,294408.0,373298.0,-6072889.0,-6.69,-6077964.0,-6.69,5075.0,0.01,1493386.0,1.64,4579503.0,5.04,85.0,1.358,1.359,1481892608.0,2013892054,20.13892054,2025-05-30,2025-05-30 16:11:51+08:00
563300,中证2000ETF,1.092,1.0928,0.07,-0.021,-1.89,3414413.0,374426331.0,1.108,1.108,1.091,1.113,1.53,18.57,0.97,-19.28,1607166.0,1807247.0,-31654155.0,-8.45,-19208852.0,-5.13,-12445303.0,-3.32,14527596.0,3.88,17126560.0,4.57,-8500.0,1.092,1.093,1838674000.0,2007832008,20.07832008,2025-05-30,2025-05-30 16:11:40+08:00
159908,创业板ETF博时,1.854,1.8509,-0.17,-0.013,-0.7,26920.0,4985322.0,1.866,1.866,1.845,1.867,1.12,0.25,0.91,74.81,11455.0,15465.0,-568465.0,-11.4,0.0,0.0,-568465.0,-11.4,245752.0,4.93,322713.0,6.47,-54.0,1.854,1.855,1077229024.0,1997182610,19.9718261,2025-05-30,2025-05-30 15:34:39+08:00
520900,红利ETF港股,0.953,0.9559,0.3,-0.007,-0.73,294671.0,28160271.0,0.955,0.962,0.953,0.96,0.94,1.41,0.58,-26.52,118997.0,175674.0,-1712753.0,-6.08,-5024442.0,-17.84,3311689.0,11.76,864679.0,3.07,848074.0,3.01,-1.0,0.953,0.954,2093175008.0,1994795783,19.94795783,2025-05-30,2025-05-30 16:11:36+08:00
159857,光伏ETF,0.541,0.5405,-0.09,-0.008,-1.46,1081139.0,58576430.2,0.548,0.548,0.54,0.549,1.46,2.93,1.19,24.17,392258.0,688881.0,-15033194.0,-25.66,-13707098.0,-23.4,-1326096.0,-2.26,8896592.0,15.19,6136601.0,10.48,8400.0,0.54,0.541,3685515728.0,1993864009,19.93864009,2025-05-30,2025-05-30 15:34:12+08:00
515400,大数据ETF,0.823,0.8213,-0.21,-0.014,-1.67,1068684.0,88027508.0,0.83,0.832,0.82,0.837,1.43,4.41,0.9,29.65,409749.0,658935.0,-17858011.0,-20.29,-16479143.0,-18.72,-1378868.0,-1.57,11628660.0,13.21,6229352.0,7.08,-261.0,0.823,0.824,2420631408.0,1992179649,19.92179649,2025-05-30,2025-05-30 16:11:37+08:00
561300,300增强ETF,0.818,0.8169,-0.13,-0.002,-0.24,341529.0,27898679.0,0.818,0.82,0.813,0.82,0.85,1.41,1.37,39.41,154068.0,187461.0,-2147501.0,-7.7,1313449.0,4.71,-3460950.0,-12.41,779193.0,2.79,1368308.0,4.9,-50.0,0.818,0.819,2425965008.0,1984439377,19.84439377,2025-05-30,2025-05-30 16:11:50+08:00
513530,港股通红利ETF,1.58,1.5769,-0.2,-0.004,-0.25,153994.0,24337672.0,1.58,1.588,1.577,1.584,0.69,1.23,0.48,50.19,68784.0,85210.0,-4298407.0,-17.66,-3650279.0,-15.0,-648128.0,-2.66,3310733.0,13.6,987675.0,4.06,-23.0,1.579,1.58,1250438704.0,1975693152,19.75693152,2025-05-30,2025-05-30 16:11:35+08:00
518890,中银上海金ETF,7.387,7.3931,0.08,0.074,1.01,33469.0,24697409.0,7.4,7.405,7.352,7.313,0.72,1.27,0.57,-38.1,18507.0,14962.0,-753234.0,-3.05,0.0,0.0,-753234.0,-3.05,1197095.0,4.85,-443861.0,-1.8,-13.0,7.39,7.392,263954800.0,1949834108,19.49834108,2025-05-30,2025-05-30 16:11:45+08:00
518600,上海金ETF,7.257,7.2631,0.08,0.072,1.0,142772.0,103468060.0,7.27,7.277,7.218,7.185,0.82,5.35,0.68,-8.7,70763.0,72009.0,1417619.0,1.37,-148680.0,-0.14,1566299.0,1.51,2118351.0,2.05,-3535969.0,-3.42,-15.0,7.255,7.262,266893600.0,1936846855,19.36846855,2025-05-30,2025-05-30 16:11:56+08:00
159790,碳中和ETF,0.541,0.5406,-0.07,-0.004,-0.73,267634.0,14482021.6,0.545,0.545,0.539,0.545,1.1,0.75,0.83,11.23,95785.0,171849.0,-1310349.0,-9.05,-2170348.0,-14.99,859999.0,5.94,948378.0,6.55,361970.0,2.5,613.0,0.54,0.541,3568528480.0,1930573908,19.30573908,2025-05-30,2025-05-30 15:34:09+08:00
159742,恒生科技指数ETF,0.706,0.7059,-0.01,-0.017,-2.35,2504887.0,177455117.7,0.717,0.717,0.704,0.723,1.8,9.22,0.96,-23.35,985223.0,1519664.0,-22786032.0,-12.84,-21069264.0,-11.87,-1716768.0,-0.97,15861694.0,8.94,6924338.0,3.9,19154.0,0.705,0.706,2716928288.0,1918151371,19.18151371,2025-05-30,2025-05-30 15:34:42+08:00
512930,AI人工智能ETF,1.28,1.2785,-0.12,-0.019,-1.46,386531.0,49394825.0,1.294,1.294,1.274,1.299,1.54,2.6,0.83,17.91,152110.0,234421.0,-10212685.0,-20.68,-3442019.0,-6.97,-6770666.0,-13.71,1147575.0,2.32,9065109.0,18.35,16.0,1.279,1.28,1489130304.0,1906086789,19.06086789,2025-05-30,2025-05-30 16:11:50+08:00
159633,中证1000ETF易方达,2.485,2.4803,-0.19,-0.019,-0.76,263373.0,65436435.774,2.496,2.499,2.475,2.504,0.96,3.44,1.5,3.43,162469.0,100904.0,-2355914.0,-3.6,3063448.0,4.68,-5419362.0,-8.28,842687.0,1.29,1513226.0,2.31,-68.0,2.485,2.486,766162656.0,1903914200,19.039142,2025-05-30,2025-05-30 15:34:51+08:00
560080,中药ETF,1.068,1.067,-0.09,0.006,0.56,496784.0,53014448.0,1.058,1.073,1.058,1.062,1.41,2.82,1.38,-44.65,255209.0,241575.0,1701588.0,3.21,8787733.0,16.58,-7086145.0,-13.37,-1359760.0,-2.56,-341829.0,-0.64,190.0,1.067,1.068,1762765008.0,1882633029,18.82633029,2025-05-30,2025-05-30 16:11:59+08:00
510510,中证500ETF基金,1.784,1.7817,-0.13,-0.01,-0.56,278514.0,49651183.0,1.793,1.793,1.776,1.794,0.95,2.7,1.81,-19.1,140742.0,137772.0,-378779.0,-0.76,8779225.0,17.68,-9158004.0,-18.44,5143560.0,10.36,-4764780.0,-9.6,2000.0,1.783,1.785,1033038304.0,1842940334,18.42940334,2025-05-30,2025-05-30 16:11:47+08:00
560090,证券ETF龙头,1.121,1.119,-0.18,-0.004,-0.36,259063.0,28957432.0,1.123,1.123,1.113,1.125,0.89,1.58,0.92,33.27,127982.0,131081.0,-1716400.0,-5.93,2034355.0,7.03,-3750755.0,-12.95,865189.0,2.99,851211.0,2.94,-57.0,1.121,1.122,1638865008.0,1837167674,18.37167674,2025-05-30,2025-05-30 16:11:46+08:00
515680,央企创新ETF基金,1.427,1.4257,-0.09,-0.002,-0.14,53205.0,7593307.0,1.425,1.429,1.419,1.429,0.7,0.42,0.61,15.21,25161.0,28044.0,579880.0,7.64,0.0,0.0,579880.0,7.64,-553726.0,-7.29,-26154.0,-0.34,-906.0,1.426,1.429,1264264704.0,1804105733,18.04105733,2025-05-30,2025-05-30 16:11:40+08:00
530000,上证50ETF天弘,1.211,1.2076,-0.28,-0.004,-0.33,42837.0,5187726.0,1.215,1.215,1.203,1.215,0.99,0.29,4.05,10.34,10124.0,32713.0,-473584.0,-9.13,1235089.0,23.81,-1708673.0,-32.94,481708.0,9.29,-8123.0,-0.16,442.0,1.211,1.223,1488029408.0,1802003613,18.02003613,2025-05-30,2025-05-30 16:11:51+08:00
513870,纳指ETF富国,1.457,1.4612,0.29,-0.03,-2.02,1194244.0,173932201.0,1.455,1.461,1.453,1.487,0.54,9.7,2.38,-17.03,586346.0,607898.0,-17795745.0,-10.23,-32338848.0,-18.59,14543103.0,8.36,11049875.0,6.35,6745870.0,3.88,20.0,1.456,1.457,1231671008.0,1794544659,17.94544659,2025-05-30,2025-05-30 16:11:59+08:00
516150,稀土ETF基金,1.072,1.0722,0.02,-0.017,-1.56,270807.0,29023642.0,1.085,1.085,1.068,1.089,1.56,1.62,0.79,8.9,90567.0,180240.0,-2247761.0,-7.74,1242184.0,4.28,-3489945.0,-12.02,855109.0,2.95,1392651.0,4.8,-10.0,1.072,1.073,1668077008.0,1788178553,17.88178553,2025-05-30,2025-05-30 16:11:37+08:00
515600,央企创新ETF,1.419,1.419,0.0,-0.003,-0.21,31165.0,4419030.0,1.423,1.423,1.411,1.422,0.84,0.25,0.51,-1.63,13540.0,17625.0,549725.0,12.44,0.0,0.0,549725.0,12.44,-455799.0,-10.31,-93926.0,-2.13,-2000.0,1.419,1.421,1257797408.0,1784814522,17.84814522,2025-05-30,2025-05-30 16:11:35+08:00
513750,港股非银ETF,1.334,1.3319,-0.16,-0.011,-0.82,934723.0,124827625.0,1.335,1.346,1.329,1.345,1.26,7.03,0.66,36.41,455610.0,479113.0,-3364953.0,-2.7,-1207769.0,-0.97,-2157184.0,-1.73,-2144584.0,-1.72,5509538.0,4.41,-400.0,1.334,1.335,1329338000.0,1773336892,17.73336892,2025-05-30,2025-05-30 16:11:52+08:00
513970,恒生消费ETF,0.932,0.939,0.75,-0.018,-1.89,941423.0,87947475.0,0.945,0.946,0.929,0.95,1.79,4.96,0.73,9.15,441817.0,499606.0,-13451973.0,-15.3,-5901754.0,-6.71,-7550219.0,-8.58,7204779.0,8.19,6247196.0,7.1,-54.0,0.931,0.933,1899041008.0,1769906219,17.69906219,2025-05-30,2025-05-30 16:11:52+08:00
561230,中证A50ETF基金,1.113,1.1095,-0.32,-0.003,-0.27,299191.0,33229363.0,1.114,1.115,1.105,1.116,0.9,1.89,1.03,39.76,158683.0,140508.0,1192257.0,3.59,3275853.0,9.86,-2083596.0,-6.27,-614890.0,-1.85,-577366.0,-1.74,4400.0,1.111,1.113,1584477808.0,1763523800,17.635238,2025-05-30,2025-05-30 16:12:01+08:00
589600,科创综指ETF富国,0.91,0.9107,0.08,-0.008,-0.87,89406.0,8142128.0,0.916,0.916,0.908,0.918,0.87,0.47,0.46,28.3,43778.0,45628.0,284492.0,3.49,1348280.0,16.56,-1063788.0,-13.07,-97541.0,-1.2,-186952.0,-2.3,-170.0,0.91,0.911,1913535008.0,1741316857,17.41316857,2025-05-30,2025-05-30 16:11:41+08:00
159842,券商ETF,0.99,0.9908,0.08,-0.004,-0.4,388292.0,38338159.0,0.992,0.992,0.983,0.994,0.91,2.22,0.88,-21.77,189464.0,198828.0,-749895.0,-1.96,1845887.0,4.81,-2595782.0,-6.77,-318323.0,-0.83,1068217.0,2.79,606.0,0.989,0.99,1745250624.0,1727798118,17.27798118,2025-05-30,2025-05-30 15:34:21+08:00
513860,港股通科技ETF,0.683,0.6852,0.32,-0.017,-2.43,3529394.0,241731309.0,0.693,0.694,0.681,0.7,1.86,14.01,0.77,8.74,1535294.0,1994100.0,-7886627.0,-3.26,-15503135.0,-6.41,7616508.0,3.15,5341141.0,2.21,2545486.0,1.05,1093.0,0.682,0.683,2518470608.0,1720115425,17.20115425,2025-05-30,2025-05-30 16:11:33+08:00
588300,双创ETF,0.542,0.5405,-0.28,-0.004,-0.73,273412.0,14789913.0,0.544,0.544,0.538,0.546,1.1,0.86,0.81,37.13,136278.0,137134.0,-730320.0,-4.94,565110.0,3.82,-1295430.0,-8.76,300284.0,2.03,430036.0,2.91,5.0,0.541,0.542,3163210496.0,1714460089,17.14460089,2025-05-30,2025-05-30 16:11:55+08:00
588400,科创创业指数ETF,0.532,0.5305,-0.28,-0.003,-0.56,193707.0,10271324.0,0.535,0.535,0.528,0.535,1.31,0.6,0.69,3.75,61252.0,132455.0,-545748.0,-5.31,-159178.0,-1.55,-386570.0,-3.76,305592.0,2.98,240157.0,2.34,4.0,0.531,0.532,3213600608.0,1709635523,17.09635523,2025-05-30,2025-05-30 16:11:42+08:00
159732,消费电子ETF,0.754,0.7542,0.03,-0.014,-1.82,1062043.0,80009769.5,0.76,0.761,0.75,0.768,1.43,4.75,1.28,23.34,474267.0,587776.0,-8977753.0,-11.22,-8367088.0,-10.46,-610665.0,-0.76,3671681.0,4.59,5306073.0,6.63,-3315.0,0.754,0.755,2234447904.0,1684773720,16.8477372,2025-05-30,2025-05-30 15:34:48+08:00
513400,道琼斯ETF,1.091,1.0946,0.33,-0.013,-1.18,638574.0,69718413.0,1.091,1.094,1.09,1.104,0.36,4.16,0.98,-8.03,290296.0,348278.0,-4176646.0,-5.99,-6410686.0,-9.2,2234040.0,3.2,417909.0,0.6,3758737.0,5.39,-214.0,1.091,1.092,1534062000.0,1673661642,16.73661642,2025-05-30,2025-05-30 16:11:34+08:00
159957,创业板ETF华夏,1.303,1.3002,-0.22,-0.01,-0.76,258475.0,33642592.2,1.31,1.31,1.296,1.313,1.07,2.02,0.89,-8.48,116235.0,142240.0,1488702.0,4.43,1100338.0,3.27,388364.0,1.15,-1741443.0,-5.18,252741.0,0.75,-710.0,1.303,1.304,1281784560.0,1670165282,16.70165282,2025-05-30,2025-05-30 15:34:39+08:00
159567,港股创新药ETF,1.355,1.3721,1.25,-0.001,-0.07,8646969.0,1181143305.6,1.358,1.381,1.354,1.356,1.99,70.17,1.35,-18.62,4108311.0,4538658.0,-13439623.0,-1.14,18504377.0,1.57,-31944000.0,-2.7,-1709403.0,-0.14,15149036.0,1.28,-74554.0,1.355,1.356,1232364864.0,1669854391,16.69854391,2025-05-30,2025-05-30 15:34:24+08:00
510150,消费ETF,0.535,0.5333,-0.32,-0.001,-0.19,528059.0,28253580.0,0.535,0.538,0.533,0.536,0.93,1.71,0.64,-34.63,178122.0,349937.0,278223.0,0.98,5912323.0,20.93,-5634100.0,-19.94,-359216.0,-1.27,80993.0,0.29,1.0,0.534,0.535,3087178608.0,1651640555,16.51640555,2025-05-30,2025-05-30 16:12:01+08:00
159883,医疗器械ETF,0.481,0.4809,-0.02,0.001,0.21,639285.0,30866310.5,0.481,0.486,0.479,0.48,1.46,1.86,1.23,-10.16,354368.0,284917.0,4806442.0,15.57,5714245.0,18.51,-907803.0,-2.94,-3294823.0,-10.67,-1511618.0,-4.9,-100.0,0.481,0.482,3430037840.0,1649848201,16.49848201,2025-05-30,2025-05-30 15:34:30+08:00
563020,红利低波动ETF,1.209,1.2045,-0.37,0.006,0.5,216863.0,26144011.0,1.202,1.209,1.201,1.203,0.67,1.59,0.76,41.37,109202.0,107661.0,-2649175.0,-10.13,-3663043.0,-14.01,1013868.0,3.88,2576092.0,9.85,73084.0,0.28,16.0,1.208,1.209,1360910000.0,1645340190,16.4534019,2025-05-30,2025-05-30 16:11:50+08:00
159561,德国ETF,1.328,1.3174,-0.8,-0.012,-0.9,1240907.0,164721344.1,1.328,1.331,1.325,1.34,0.45,10.08,0.93,-62.74,581497.0,659410.0,10478834.0,6.36,17795134.0,10.8,-7316300.0,-4.44,-10633866.0,-6.46,155031.0,0.09,6120.0,1.327,1.328,1230499488.0,1634103320,16.3410332,2025-05-30,2025-05-30 15:34:18+08:00
560260,医疗ETF龙头,0.82,0.8205,0.06,-0.003,-0.36,124299.0,10233664.0,0.822,0.829,0.818,0.823,1.34,0.63,0.8,27.02,57100.0,67199.0,521221.0,5.09,1598531.0,15.62,-1077310.0,-10.53,-500894.0,-4.89,-20327.0,-0.2,-4.0,0.82,0.821,1986664704.0,1629065057,16.29065057,2025-05-30,2025-05-30 16:11:39+08:00
510380,国寿300ETF,1.111,1.1081,-0.26,-0.001,-0.09,140.0,15496.0,1.106,1.111,1.103,1.112,0.72,0.0,0.1,0.06,95.0,45.0,-5664.0,-36.55,0.0,0.0,-5664.0,-36.55,0.0,0.0,5664.0,36.55,20.0,1.108,1.111,1449802400.0,1610730466,16.10730466,2025-05-30,2025-05-30 16:11:37+08:00
512040,价值100ETF,0.949,0.9479,-0.12,-0.002,-0.21,296659.0,28144378.0,0.948,0.951,0.947,0.951,0.42,1.76,0.53,65.13,116581.0,180078.0,382872.0,1.36,3482467.0,12.37,-3099595.0,-11.01,-411361.0,-1.46,28491.0,0.1,1.0,0.948,0.949,1684715904.0,1598795393,15.98795393,2025-05-30,2025-05-30 16:12:01+08:00
510720,红利国企ETF,0.961,0.9591,-0.2,0.003,0.31,433285.0,41570687.0,0.957,0.962,0.956,0.958,0.63,2.62,0.64,0.14,246717.0,186568.0,6384276.0,15.36,9440221.0,22.71,-3055945.0,-7.35,-3743251.0,-9.0,-2641025.0,-6.35,-20.0,0.961,0.962,1652766000.0,1588308126,15.88308126,2025-05-30,2025-05-30 16:11:36+08:00
513730,东南亚科技ETF,1.198,1.1999,0.16,-0.019,-1.56,419661.0,50313921.0,1.202,1.204,1.196,1.217,0.66,3.18,0.69,5.41,158718.0,260943.0,-1416553.0,-2.82,1763410.0,3.5,-3179963.0,-6.32,-2144004.0,-4.26,3560556.0,7.08,48.0,1.197,1.198,1321355008.0,1582983300,15.829833,2025-05-30,2025-05-30 16:11:35+08:00
516310,银行ETF易方达,1.328,1.3234,-0.35,0.01,0.76,96243.0,12732277.0,1.318,1.329,1.316,1.318,0.99,0.81,0.3,9.36,38822.0,57421.0,2387203.0,18.75,-237420.0,-1.86,2624623.0,20.61,-217904.0,-1.71,-2169299.0,-17.04,10.0,1.327,1.328,1191558496.0,1582389683,15.82389683,2025-05-30,2025-05-30 16:11:34+08:00
513600,恒生指数ETF,2.658,2.6652,0.27,-0.032,-1.19,781091.0,207803624.0,2.664,2.674,2.653,2.69,0.78,13.31,0.75,-11.55,333633.0,447458.0,-165186.0,-0.08,8034929.0,3.87,-8200115.0,-3.95,-8079370.0,-3.89,8244556.0,3.97,100.0,2.657,2.658,586829504.0,1559792822,15.59792822,2025-05-30,2025-05-30 16:11:41+08:00
159939,信息技术ETF,0.601,0.6002,-0.13,-0.009,-1.48,283527.0,17025321.3,0.608,0.608,0.598,0.61,1.64,1.11,1.5,16.4,173880.0,109647.0,-6679274.0,-39.23,-3433449.0,-20.17,-3245825.0,-19.06,4749102.0,27.89,1930173.0,11.34,479.0,0.6,0.601,2549656112.0,1532343323,15.32343323,2025-05-30,2025-05-30 15:34:09+08:00
516820,医疗创新ETF,0.355,0.3547,-0.08,0.0,0.0,1217817.0,43306095.0,0.354,0.359,0.353,0.355,1.69,2.83,1.11,6.99,728699.0,489118.0,4399596.0,10.16,11408843.0,26.34,-7009247.0,-16.19,-3474780.0,-8.02,-924815.0,-2.14,200.0,0.354,0.355,4299415296.0,1526292430,15.2629243,2025-05-30,2025-05-30 16:11:53+08:00
159545,恒生红利低波ETF,1.301,1.2968,-0.32,-0.002,-0.15,352849.0,45897018.2,1.301,1.304,1.298,1.303,0.46,3.02,0.84,3.13,215634.0,137215.0,-14158228.0,-30.85,-6409696.0,-13.97,-7748532.0,-16.88,12754489.0,27.79,1403740.0,3.06,2275.0,1.3,1.301,1169803696.0,1521914608,15.21914608,2025-05-30,2025-05-30 15:34:12+08:00
516010,游戏ETF,1.105,1.1031,-0.17,-0.013,-1.16,535023.0,59710129.0,1.112,1.133,1.103,1.118,2.68,3.89,0.73,89.11,219536.0,315487.0,-1586984.0,-2.66,5066171.0,8.48,-6653155.0,-11.14,234515.0,0.39,1352471.0,2.27,152.0,1.104,1.107,1376693008.0,1521245774,15.21245774,2025-05-30,2025-05-30 16:11:54+08:00
560170,央企科技ETF,0.822,0.8215,-0.06,-0.003,-0.36,189824.0,15593557.0,0.823,0.825,0.818,0.825,0.85,1.05,0.74,14.48,93915.0,95909.0,1534286.0,9.84,3262021.0,20.92,-1727735.0,-11.08,-910458.0,-5.84,-623828.0,-4.0,-10.0,0.822,0.823,1808995504.0,1486994304,14.86994304,2025-05-30,2025-05-30 16:11:42+08:00
562060,标普红利ETF,1.12,1.1185,-0.13,0.002,0.18,186235.0,20817309.0,1.119,1.12,1.116,1.118,0.36,1.41,0.78,28.74,80997.0,105238.0,-156432.0,-0.75,470427.0,2.26,-626859.0,-3.01,-1560.0,-0.01,157991.0,0.76,12.0,1.119,1.12,1316896304.0,1474923860,14.7492386,2025-05-30,2025-05-30 16:11:37+08:00
512700,银行ETF南方,1.632,1.6277,-0.26,0.014,0.87,800678.0,130161886.0,1.617,1.635,1.616,1.618,1.17,8.88,1.01,-5.55,394401.0,406277.0,3187532.0,2.45,8634869.0,6.63,-5447337.0,-4.19,-3215787.0,-2.47,28254.0,0.02,122.0,1.631,1.632,901581008.0,1471380205,14.71380205,2025-05-30,2025-05-30 16:11:41+08:00
159530,机器人ETF易方达,1.235,1.2363,0.11,-0.028,-2.22,1242147.0,153893660.46,1.26,1.26,1.231,1.263,2.3,10.44,1.18,46.23,704865.0,537282.0,-22351382.0,-14.52,-51534348.0,-33.49,29182966.0,18.96,9456833.0,6.15,12894549.0,8.38,6579.0,1.234,1.235,1189613168.0,1469172262,14.69172262,2025-05-30,2025-05-30 15:34:15+08:00
159993,证券ETF龙头,1.114,1.1152,0.11,-0.005,-0.45,295079.0,32812174.1,1.115,1.116,1.106,1.119,0.89,2.24,0.85,-75.31,129310.0,165769.0,-1517783.0,-4.63,725447.0,2.21,-2243230.0,-6.84,453277.0,1.38,1064507.0,3.24,865.0,1.113,1.114,1317197984.0,1467358554,14.67358554,2025-05-30,2025-05-30 15:35:00+08:00
512080,A500ETF中金,1.01,1.0064,-0.36,-0.001,-0.1,988483.0,99479215.0,1.006,1.01,1.002,1.011,0.79,6.83,1.16,26.86,386438.0,602045.0,-1386219.0,-1.39,-5225997.0,-5.25,3839778.0,3.86,1354570.0,1.36,31648.0,0.03,5500.0,1.008,1.01,1448186096.0,1462667957,14.62667957,2025-05-30,2025-05-30 16:11:36+08:00
513880,日经225ETF,1.362,1.3609,-0.08,-0.002,-0.15,369567.0,50312075.0,1.356,1.368,1.355,1.364,0.95,3.46,0.7,4.97,195110.0,174457.0,3533568.0,7.02,7484309.0,14.88,-3950741.0,-7.85,-1972504.0,-3.92,-1561063.0,-3.1,662.0,1.361,1.362,1066970000.0,1453213140,14.5321314,2025-05-30,2025-05-30 16:11:53+08:00
159994,5GETF,0.838,0.8381,0.01,-0.013,-1.53,206741.0,17271665.7,0.844,0.844,0.831,0.851,1.53,1.19,0.89,23.45,93947.0,112794.0,-1208181.0,-7.0,1072465.0,6.21,-2280646.0,-13.2,841402.0,4.87,366780.0,2.12,3044.0,0.837,0.838,1733001680.0,1452255408,14.52255408,2025-05-30,2025-05-30 15:34:27+08:00
159363,创业板人工智能ETF华宝,0.913,0.9135,0.05,-0.017,-1.83,863480.0,78865920.2,0.919,0.923,0.908,0.93,1.61,5.44,0.6,10.13,304646.0,558834.0,-10104702.0,-12.81,-3750761.0,-4.76,-6353941.0,-8.06,5404298.0,6.85,4700404.0,5.96,-7386.0,0.913,0.914,1588084960.0,1449921568,14.49921568,2025-05-30,2025-05-30 15:34:45+08:00
588750,科创芯片50ETF,0.984,0.9832,-0.08,-0.014,-1.4,374947.0,36896448.0,0.997,0.997,0.98,0.998,1.7,2.57,1.04,62.2,177734.0,197213.0,-8561796.0,-23.2,-10802728.0,-29.28,2240932.0,6.07,5094297.0,13.81,3467499.0,9.4,600.0,0.983,0.985,1456228000.0,1432928352,14.32928352,2025-05-30,2025-05-30 16:11:34+08:00
159830,上海金ETF,7.664,7.6672,0.04,0.067,0.88,54589.0,41815139.6,7.681,7.688,7.636,7.597,0.68,2.92,0.85,-33.73,27516.0,27073.0,1386718.0,3.32,0.0,0.0,1386718.0,3.32,-624729.0,-1.49,-761989.0,-1.82,162.0,7.662,7.664,186814066.0,1431743002,14.31743002,2025-05-30,2025-05-30 15:34:18+08:00
513520,日经ETF,1.466,1.4702,0.29,-0.003,-0.2,813639.0,119193466.0,1.462,1.471,1.46,1.469,0.75,8.38,1.24,18.03,440780.0,372859.0,3146321.0,2.64,6134621.0,5.15,-2988300.0,-2.51,-1514874.0,-1.27,-1631446.0,-1.37,20.0,1.465,1.466,971387200.0,1424053635,14.24053635,2025-05-30,2025-05-30 16:11:55+08:00
589880,科创综指ETF建信,0.93,0.9316,0.17,-0.011,-1.17,277194.0,25788988.0,0.938,0.938,0.928,0.941,1.06,1.82,1.0,-40.06,154666.0,122528.0,-1189921.0,-4.61,-8243584.0,-31.97,7053663.0,27.35,1029670.0,3.99,160250.0,0.62,-85.0,0.93,0.931,1524996000.0,1418246280,14.1824628,2025-05-30,2025-05-30 16:11:55+08:00
588350,双创50ETF基金,0.814,0.8141,0.01,-0.008,-0.97,12806.0,1040738.0,0.815,0.815,0.811,0.822,0.49,0.07,0.39,37.69,6597.0,6209.0,244118.0,23.46,85382.0,8.2,158736.0,15.25,-304938.0,-29.3,60820.0,5.84,-160.0,0.814,0.815,1722546000.0,1402152444,14.02152444,2025-05-30,2025-05-30 16:11:39+08:00
588760,人工智能ETF科创,0.53,0.5317,0.32,-0.012,-2.21,1999685.0,106242541.0,0.538,0.539,0.528,0.542,2.03,7.6,1.09,10.74,741105.0,1258580.0,-18213163.0,-17.14,-27957326.0,-26.31,9744163.0,9.17,10811711.0,10.18,7401452.0,6.97,-28581.0,0.53,0.531,2629532000.0,1393651960,13.9365196,2025-05-30,2025-05-30 16:11:42+08:00
159870,化工ETF,0.553,0.5532,0.04,-0.005,-0.9,338813.0,18767060.018,0.558,0.558,0.552,0.558,1.08,1.35,0.93,15.68,119518.0,219295.0,-1755630.0,-9.35,-1052201.0,-5.61,-703429.0,-3.75,1206340.0,6.43,549289.0,2.93,-1876.0,0.553,0.554,2508607024.0,1387259684,13.87259684,2025-05-30,2025-05-30 15:34:45+08:00
159681,创50ETF,0.869,0.8664,-0.3,-0.007,-0.8,417965.0,36231611.7,0.873,0.873,0.863,0.876,1.14,2.62,0.91,35.78,213049.0,204916.0,-2606634.0,-7.19,2351099.0,6.49,-4957733.0,-13.68,1261097.0,3.48,1345535.0,3.71,6685.0,0.868,0.869,1593772336.0,1384988160,13.8498816,2025-05-30,2025-05-30 15:34:30+08:00
563500,中证A500ETF华宝,0.992,0.9901,-0.19,-0.004,-0.4,896008.0,88721160.0,0.994,0.994,0.987,0.996,0.7,6.48,1.08,38.47,383916.0,512092.0,187353.0,0.21,6189004.0,6.98,-6001651.0,-6.76,54043.0,0.06,-241396.0,-0.27,-2520.0,0.992,0.994,1381979408.0,1370923573,13.70923573,2025-05-30,2025-05-30 16:11:47+08:00
513030,德国ETF,1.873,1.805,-3.77,-0.027,-1.42,882229.0,165246444.0,1.875,1.878,1.868,1.9,0.53,12.09,0.49,2.69,420277.0,461952.0,-18077369.0,-10.94,-6285826.0,-3.8,-11791543.0,-7.14,6665929.0,4.03,11411440.0,6.91,461.0,1.872,1.873,729779008.0,1366876082,13.66876082,2025-05-30,2025-05-30 16:11:37+08:00
511850,财富宝ETF,100.015,,,0.011,0.01,11901.0,119028634.0,100.012,100.016,100.012,100.004,0.0,8.73,0.5,-38.9,5921.0,5980.0,2643561.0,2.22,11526500.0,9.68,-8882939.0,-7.46,-1371785.0,-1.15,-1271776.0,-1.07,10.0,100.014,100.015,13632900.0,1363494494,13.63494494,2025-05-30,2025-05-30 16:11:42+08:00
589900,科创综指ETF博时,0.927,0.9272,0.02,-0.007,-0.75,1146251.0,106274007.0,0.931,0.931,0.925,0.934,0.64,7.83,0.95,31.08,544276.0,601975.0,1956514.0,1.84,7060439.0,6.64,-5103925.0,-4.8,-2047528.0,-1.93,91014.0,0.09,100.0,0.926,0.927,1463908208.0,1357042909,13.57042909,2025-05-30,2025-05-30 16:11:58+08:00
159699,恒生消费ETF,1.016,1.0193,0.32,-0.019,-1.84,655740.0,66833070.6,1.03,1.03,1.012,1.035,1.74,4.97,0.69,9.67,240258.0,415482.0,-6465109.0,-9.67,-5755022.0,-8.61,-710087.0,-1.06,1285245.0,1.92,5179864.0,7.75,6661.0,1.015,1.016,1318664256.0,1339762884,13.39762884,2025-05-30,2025-05-30 15:34:24+08:00
517160,长江保护主题ETF,0.728,0.7251,-0.4,-0.002,-0.27,2640.0,190670.0,0.726,0.73,0.709,0.73,2.88,0.01,0.82,0.09,1789.0,851.0,-51458.0,-26.99,0.0,0.0,-51458.0,-26.99,13067.0,6.85,38392.0,20.14,5.0,0.726,0.728,1838777504.0,1338630023,13.38630023,2025-05-30,2025-05-30 16:11:59+08:00
517330,长江保护ETF,0.73,0.7295,-0.07,-0.005,-0.68,1193.0,87093.0,0.732,0.732,0.729,0.735,0.41,0.01,2.85,0.0,30.0,1163.0,2039.0,2.34,0.0,0.0,2039.0,2.34,0.0,0.0,-2039.0,-2.34,30.0,0.73,0.731,1828169008.0,1334563376,13.34563376,2025-05-30,2025-05-30 16:11:47+08:00
159502,标普生物科技ETF,0.857,0.8612,0.49,-0.002,-0.23,814316.0,69941294.6,0.859,0.861,0.856,0.859,0.58,5.28,0.87,-50.31,395306.0,419010.0,2508251.0,3.59,727299.0,1.04,1780952.0,2.55,-2278230.0,-3.26,-230022.0,-0.33,-7750.0,0.857,0.858,1542323024.0,1321770832,13.21770832,2025-05-30,2025-05-30 15:34:57+08:00
513000,日经225ETF易方达,1.467,1.4701,0.21,0.0,0.0,434284.0,63642196.0,1.46,1.472,1.46,1.467,0.82,4.85,1.33,-37.94,259639.0,174645.0,6240165.0,9.81,7526729.0,11.83,-1286564.0,-2.02,-3852706.0,-6.05,-2387459.0,-3.75,273.0,1.466,1.468,895911408.0,1314302036,13.14302036,2025-05-30,2025-05-30 16:11:32+08:00
515230,软件ETF,0.782,0.7803,-0.22,-0.011,-1.39,805972.0,63112394.0,0.788,0.792,0.78,0.793,1.51,4.82,1.05,71.07,291944.0,514028.0,-4317743.0,-6.84,3827114.0,6.06,-8144857.0,-12.91,751935.0,1.19,3565809.0,5.65,1000.0,0.781,0.782,1670690896.0,1306480281,13.06480281,2025-05-30,2025-05-30 16:11:40+08:00
159996,家电ETF,1.334,1.3362,0.16,-0.014,-1.04,232315.0,30995469.461,1.343,1.346,1.331,1.348,1.11,2.39,0.51,-40.45,80186.0,152129.0,1272002.0,4.1,3112847.0,10.04,-1840845.0,-5.94,-908339.0,-2.93,-363663.0,-1.17,-907.0,1.334,1.336,970554848.0,1294720167,12.94720167,2025-05-30,2025-05-30 15:35:03+08:00
159837,生物科技ETF,0.469,0.4696,0.13,0.002,0.43,668271.0,31396915.09,0.467,0.474,0.467,0.467,1.5,2.44,1.28,-44.98,421238.0,247033.0,4961879.0,15.8,8215550.0,26.17,-3253671.0,-10.36,-3450170.0,-10.99,-1511710.0,-4.81,-1192.0,0.469,0.47,2739152832.0,1284662678,12.84662678,2025-05-30,2025-05-30 15:34:30+08:00
513950,恒生红利ETF,1.285,1.2833,-0.13,-0.004,-0.31,129317.0,16622720.0,1.286,1.288,1.283,1.289,0.39,1.32,0.72,29.12,50171.0,79146.0,-806667.0,-4.85,1174123.0,7.06,-1980790.0,-11.92,522864.0,3.15,283801.0,1.71,-1.0,1.285,1.286,978119008.0,1256882925,12.56882925,2025-05-30,2025-05-30 16:11:42+08:00
159001,货币ETF,100.0,,,-0.001,0.0,63616.0,636161637.789,100.0,100.001,99.999,100.001,0.0,51.05,1.34,83.0,30069.0,33547.0,-4851841.0,-0.76,-20932304.0,-3.29,16080463.0,2.53,4306429.0,0.68,545413.0,0.09,-3837.0,100.0,100.001,12461722.0,1246172200,12.461722,2025-05-30,2025-05-30 15:34:54+08:00
513290,纳指生物科技ETF,1.097,1.096,-0.09,-0.004,-0.36,402012.0,44285607.0,1.105,1.106,1.097,1.101,0.82,3.54,0.91,-78.28,193845.0,208167.0,-1591605.0,-3.59,561553.0,1.27,-2153158.0,-4.86,2903610.0,6.56,-1312004.0,-2.96,-12.0,1.096,1.098,1135072096.0,1245174089,12.45174089,2025-05-30,2025-05-30 16:11:54+08:00
159337,中证500ETF基金,1.256,1.2555,-0.04,-0.007,-0.55,149604.0,18791166.9,1.262,1.262,1.252,1.263,0.79,1.55,0.85,67.64,60641.0,88963.0,-265108.0,-1.41,-743430.0,-3.96,478322.0,2.55,234836.0,1.25,30272.0,0.16,-6.0,1.256,1.258,967710608.0,1215444524,12.15444524,2025-05-30,2025-05-30 15:34:30+08:00
589630,科创综指ETF国泰,0.926,0.9277,0.18,-0.009,-0.96,551068.0,51098199.0,0.93,0.93,0.924,0.935,0.64,4.22,0.95,10.14,279918.0,271150.0,-1723149.0,-3.37,-2491367.0,-4.88,768218.0,1.5,1398052.0,2.74,325096.0,0.64,-252.0,0.926,0.927,1305629008.0,1209012461,12.09012461,2025-05-30,2025-05-30 16:11:58+08:00
159638,高端装备ETF,0.781,0.7807,-0.04,0.003,0.39,1211576.0,94343447.777,0.777,0.786,0.77,0.778,2.06,7.93,2.23,-0.24,828645.0,382931.0,-2692824.0,-2.85,-7731500.0,-8.2,5038676.0,5.34,2580213.0,2.73,112611.0,0.12,11673.0,0.78,0.781,1528341936.0,1193635052,11.93635052,2025-05-30,2025-05-30 15:34:54+08:00
159997,电子ETF,1.059,1.0529,-0.58,-0.018,-1.67,128156.0,13565288.3,1.065,1.065,1.055,1.077,0.93,1.15,0.8,30.61,55532.0,72624.0,-550636.0,-4.06,-262940.0,-1.94,-287696.0,-2.12,337861.0,2.49,212774.0,1.57,-23.0,1.059,1.06,1115306640.0,1181109732,11.81109732,2025-05-30,2025-05-30 15:34:18+08:00
512580,环保ETF,0.904,0.9016,-0.27,-0.006,-0.66,30066.0,2719151.0,0.91,0.912,0.902,0.91,1.1,0.24,0.85,-16.9,16618.0,13448.0,-796484.0,-29.29,395640.0,14.55,-1192124.0,-43.84,419907.0,15.44,376577.0,13.85,10.0,0.903,0.904,1278271696.0,1155557613,11.55557613,2025-05-30,2025-05-30 16:11:51+08:00
516640,芯片龙头ETF,0.727,0.7257,-0.18,-0.01,-1.36,359302.0,26098669.0,0.735,0.735,0.724,0.737,1.49,2.27,0.93,54.58,128166.0,231136.0,-3908368.0,-14.98,-1752351.0,-6.71,-2156017.0,-8.26,1929829.0,7.39,1978538.0,7.58,23.0,0.726,0.727,1582482800.0,1150464996,11.50464996,2025-05-30,2025-05-30 16:12:00+08:00
513020,港股科技ETF,1.062,1.0637,0.16,-0.022,-2.03,2408117.0,256693825.0,1.078,1.078,1.06,1.084,1.66,22.36,1.28,-18.77,1072439.0,1335678.0,-19315289.0,-7.52,-47334309.0,-18.44,28019020.0,10.92,9695913.0,3.78,9619376.0,3.75,-94.0,1.062,1.063,1077145408.0,1143928423,11.43928423,2025-05-30,2025-05-30 16:11:42+08:00
512720,计算机ETF,1.016,1.0157,-0.03,-0.017,-1.65,257424.0,26219066.0,1.029,1.029,1.014,1.033,1.45,2.29,0.87,13.41,118752.0,138672.0,-88906.0,-0.34,986295.0,3.76,-1075201.0,-4.1,-1046997.0,-3.99,1135903.0,4.33,-358.0,1.016,1.018,1124453408.0,1142444663,11.42444663,2025-05-30,2025-05-30 16:11:38+08:00
159577,美国50ETF,1.222,1.227,0.41,-0.022,-1.77,511045.0,62491519.6,1.22,1.227,1.22,1.244,0.56,5.61,2.5,21.51,264143.0,246902.0,-8282930.0,-13.25,-6372484.0,-10.2,-1910446.0,-3.06,6429930.0,10.29,1853000.0,2.97,2328.0,1.221,1.222,911665792.0,1114055598,11.14055598,2025-05-30,2025-05-30 15:34:42+08:00
159596,A50ETF华宝,1.103,1.1041,0.1,-0.004,-0.36,578655.0,63740440.4,1.106,1.107,1.096,1.107,0.99,5.84,0.96,60.27,281875.0,296780.0,5619297.0,8.82,2865838.0,4.5,2753459.0,4.32,-5094890.0,-7.99,-524407.0,-0.82,-13.0,1.103,1.105,991341520.0,1093449697,10.93449697,2025-05-30,2025-05-30 15:34:42+08:00
511700,场内货币ETF,100.018,,,0.014,0.01,8315.0,83166531.0,100.013,100.019,100.013,100.004,0.01,7.69,0.87,-91.75,4060.0,4255.0,9734582.0,11.7,14584170.0,17.54,-4849588.0,-5.83,-7763664.0,-9.34,-1970919.0,-2.37,5.0,100.013,100.018,10812900.0,1081484632,10.81484632,2025-05-30,2025-05-30 16:11:38+08:00
159607,中概互联网ETF,1.026,1.055,2.75,-0.029,-2.75,1743902.0,179714073.0,1.044,1.044,1.025,1.055,1.8,16.55,0.94,-31.86,631427.0,1112475.0,-37564723.0,-20.9,-27808659.0,-15.47,-9756064.0,-5.43,23501263.0,13.08,14063460.0,7.83,-10574.0,1.026,1.027,1053829136.0,1081228694,10.81228694,2025-05-30,2025-05-30 15:34:51+08:00
588330,双创龙头ETF,0.535,0.5348,-0.04,-0.005,-0.93,242055.0,12961871.0,0.538,0.54,0.533,0.54,1.3,1.2,0.57,20.29,122460.0,119595.0,349227.0,2.69,845956.0,6.53,-496729.0,-3.83,-576190.0,-4.45,226963.0,1.75,-1000.0,0.535,0.536,2015737808.0,1078419727,10.78419727,2025-05-30,2025-05-30 16:11:46+08:00
520660,港股通央企红利ETF南方,0.953,0.9539,0.09,-0.005,-0.52,227892.0,21751371.0,0.957,0.959,0.952,0.958,0.73,2.02,0.76,-11.8,95521.0,132371.0,818022.0,3.76,2027184.0,9.32,-1209162.0,-5.56,-1119845.0,-5.15,301823.0,1.39,419.0,0.952,0.953,1126485504.0,1073540685,10.73540685,2025-05-30,2025-05-30 16:11:56+08:00
513160,港股科技30ETF,1.047,1.0497,0.26,-0.027,-2.51,2094830.0,220087903.0,1.064,1.065,1.044,1.074,1.96,20.7,0.94,-28.6,821610.0,1273220.0,-37166102.0,-16.89,-27394070.0,-12.45,-9772032.0,-4.44,23333148.0,10.6,13832954.0,6.29,-314.0,1.047,1.048,1012189296.0,1059762193,10.59762193,2025-05-30,2025-05-30 16:11:37+08:00
563520,沪深300ETF永赢,0.962,0.9604,-0.17,-0.003,-0.31,119742.0,11499794.0,0.964,0.964,0.957,0.965,0.73,1.09,0.63,-26.7,44566.0,75176.0,-170229.0,-1.48,-1229956.0,-10.7,1059727.0,9.22,82723.0,0.72,87506.0,0.76,-380.0,0.961,0.963,1096065008.0,1054414538,10.54414538,2025-05-30,2025-05-30 16:12:01+08:00
562990,碳中和ETF易方达,0.74,0.7393,-0.09,-0.006,-0.8,146270.0,10835953.0,0.743,0.744,0.737,0.746,0.94,1.04,0.92,11.74,70552.0,75718.0,-1044345.0,-9.64,702861.0,6.49,-1747206.0,-16.12,640620.0,5.91,403725.0,3.73,-209.0,0.74,0.741,1407756000.0,1041739440,10.4173944,2025-05-30,2025-05-30 16:11:39+08:00
159591,中证A50ETF,1.131,1.1325,0.13,-0.007,-0.62,188119.0,21260852.31,1.138,1.138,1.124,1.138,1.23,2.05,0.85,26.09,85258.0,102861.0,-505093.0,-2.38,-1902450.0,-8.95,1397357.0,6.57,478407.0,2.25,26686.0,0.13,-1.0,1.131,1.133,917405680.0,1037585824,10.37585824,2025-05-30,2025-05-30 15:34:42+08:00
588120,科创板100ETF,0.952,0.9514,-0.06,-0.011,-1.14,468544.0,44680164.0,0.959,0.959,0.95,0.963,0.93,4.3,0.94,-0.35,194696.0,273848.0,-825671.0,-1.85,2104712.0,4.71,-2930383.0,-6.56,88086.0,0.2,737586.0,1.65,-936.0,0.952,0.953,1089811008.0,1037500080,10.3750008,2025-05-30,2025-05-30 16:11:37+08:00
159329,沙特ETF,1.004,0.9375,-7.09,-0.008,-0.79,1941383.0,195486440.6,1.008,1.012,1.002,1.012,0.99,19.0,0.28,-28.24,685921.0,1255462.0,-13966670.0,-7.14,-3701512.0,-1.89,-10265158.0,-5.25,4280566.0,2.19,9686103.0,4.95,50514.0,1.003,1.004,1021689184.0,1025775941,10.25775941,2025-05-30,2025-05-30 15:34:15+08:00
